2275 3550
133 179 179 231 1⁰2

414 178 567 228 HORATII
585 179 714 229 stades

201 257 299 313 Setcsa
316 256 395 312 duris
412 274 514 313 exuere
532 258 650 326 pellibus
956 280 988 320 rs

202 331 347 387 Laboriosi
364 333 483 400 remiges
500 334 596 387 Ulixei·

201 406 320 462 Volente
338 407 417 462 (lirca
434 408 571 474 membra;
594 411 660 462 tunc
676 425 754 464 mens
771 413 801 465 et
818 427 900 466 sonus

201 481 337 551 Relapsus
354 485 438 551 atque
454 486 536 537 notus
553 483 583 537 in
600 483 692 538 rudius
709 484 803 542 honor.

202 556 276 615 Dedi
293 557 361 611 satis
379 574 515 627 superque
532 575 683 629 poenarum
700 559 760 627 tibi,
809 600 810 603 η

107 680 111 687 .
201 631 304 687 Amata
321 633 411 687 nautis
428 633 545 688 multum
563 637 594 688 ct
610 634 789 691 institoribus

202 706 286 777 Fugit
299 706 430 775 juventas
447 711 478 762 et
494 707 665 765 verecundus
682 707 756 761 color

202 780 327 851 Reliquit
344 799 406 838 ossa
422 782 494 851 pelle
511 783 611 837 amicta
628 783 744 848 lurida3·

201 857 267 911 Tuis
284 857 396 926 capillus
414 858 493 912 albus
510 861 553 912 est
571 857 719 923 odoribus3

191 931 229 985 :N
230 931 316 986 ullum
333 932 369 986 ab
386 930 480 987 labore
497 949 542 987 me
560 933 676 987 reclinat
692 933 794 1000 otium;

201 1007 291 1076 Urget
309 1007 383 1061 diem
399 1025 455 1062 nox
472 1011 502 1063 et
519 1009 580 1063 dies
596 1013 712 1077 noctem,
729 1026 819 1079 neque
837 1014 880 1065 est

201 1081 307 1137 Levare
323 1086 403 1138 tenta
420 1083 519 1153 spiritu
535 1085 702 1154 praecordia

202 1158 276 1227 Ergo
292 1162 422 1228 negatum
439 1160 532 1213 vincor
549 1163 582 1215 ut
599 1160 710 1214 credam
727 1161 812 1216 miser

201 1233 311 1289 Sabella
326 1238 424 1304 pectus
441 1235 581 1304 increpare
599 1236 720 1291 carmina

202 1308 347 1379 caputque
365 1311 458 1365 Mersa
475 1311 595 1365 dissilire
612 1313 701 1366 nenia

202 1384 276 1450 Quid
292 1386 408 1455 amplius
425 1387 486 1441 visi
522 1386 546 1438 0
564 1403 648 1455 marc,
666 1404 683 1441 o
699 1391 782 1456 terra,
800 1387 890 1457 ardeo,

202 1461 340 1524 Quantum
357 1478 447 1530 neque
464 1464 524 1515 atro
542 1461 681 1517 delibutus
700 1463 835 1518 Hercules

156 1581 163 1595 ,
201 1535 229 1589 N
231 1536 284 1590 essi
300 1552 403 1603 cruore,
421 1552 472 1590 nec
490 1536 587 1590 Sicana
604 1536 708 1591 fervida

201 1611 302 1665 Virens
318 1611 348 1664 in
365 1614 458 1665 Aetna
475 1605 585 1666 flamma
594 1632 602 1677 ;
625 1615 658 1666 tu
675 1612 761 1667 donec
777 1613 846 1668 cinis
921 1664 923 1667 .

202 1686 345 1755 Injuriosis
361 1686 455 1740 aridus
472 1687 562 1741 ventis
579 1688 652 1742 ferar

203 1762 283 1819 Cales
300 1762 413 1820 venenis
430 1762 536 1818 officina
553 1764 693 1820 Colchicis.
771 1801 773 1804 ·

202 1840 279 1903 Quae
296 1839 358 1894 finis
375 1842 423 1894 aut
441 1839 516 1909 quod
532 1856 578 1894 me
595 1844 688 1895 manet
705 1840 888 1909 stipendiumi

202 1915 308 1982 lliiare3
327 1915 419 1984 jussas
436 1933 498 1970 cum
516 1915 573 1970 fide
589 1934 691 1986 poenas
707 1916 788 1985 luam,

202 1990 320 2046 Paratus
337 1992 455 2060 expiare,
473 2008 522 2047 seu
539 1992 694 2061 poposceris

202 2066 321 2120 Centum
333 2066 474 2136 juvencos,
492 2069 549 2122 sive
567 2068 691 2122 mendaci
708 2068 767 2136 lyra

202 2140 287 2195 Voles
301 2143 412 2197 sonari:
435 2143 476 2195 Tu
492 2143 599 2211 pudica,
616 2147 649 2198 tu
665 2143 752 2212 proba

202 2215 410 2269 Perambulabis
426 2220 502 2270 astra
518 2217 595 2286 sidus
612 2234 731 2271 aureum.

203 2290 317 2358 Infamia
335 2289 459 2343 Helenae
477 2290 575 2344 Castor
592 2292 708 2345 offensus
725 2290 811 2343 ricem

202 2364 355 2433 Fraterque
372 2365 465 2432 magni
483 2364 604 2419 Castoris
621 2365 686 2419 victi
703 2380 785 2432 prece

203 2440 345 2510 Adempta
360 2439 417 2494 vati
434 2438 583 2495 reddidere
599 2439 708 2493 lumina

203 2516 241 2570 Et
257 2519 297 2585 tu,
314 2518 392 2584 potes
409 2532 480 2583 nam,
498 2516 573 2570 solve
590 2532 635 2570 me
652 2514 800 2584 dementia,

203 2591 227 2645 0
244 2606 295 2645 nec
311 2591 434 2659 paternis
451 2590 574 2645 obsoleta
591 2590 725 2659 sordibus,

203 2665 303 2736 Neque
320 2666 350 2720 in
367 2667 498 2736 sepulcris
515 2682 666 2736 pauperum
684 2665 806 2735 prudens
823 2681 890 2721 anus

203 2742 229 2796 N
232 2741 386 2814 ovendiales
404 2741 538 2812 dissipare
554 2740 689 2811 pulveres.

202 2816 264 2872 'ribi
281 2816 416 2887 hospitale
433 2821 529 2886 pectus
546 2821 577 2872 et
593 2834 678 2887 purae
695 2832 796 2883 manus,

203 2892 332 2960 Tuusque
348 2895 446 2946 venter
464 2893 647 2962 Pactumeius,
665 2896 695 2948 et
705 2896 760 2947 tuo

203 2967 307 3022 Cruore
324 2967 422 3021 rubros
441 2967 577 3023 obstetrix
594 2984 697 3036 pannos
714 2967 788 3034 lavit,

202 3040 351 3112 Utcunque
367 3042 446 3097 fortis
463 3043 556 3097 exsilis
573 3059 715 3111 puerpera

238 3117 311 3181 Quid
329 3117 462 3172 obseratis
480 3118 593 3174 auribus
610 3118 702 3171 fundis
719 3118 833 3187 precesl

202 3188 267 3247 Non
284 3209 350 3248 saxa
365 3193 446 3248 nudis
464 3194 590 3254 surdiora
606 3192 706 3269 navitis
