2275 3550
444 185 659 236 SATIRARUM
675 189 697 236 Ι.
718 189 741 238 3.
907 224 909 231 ,
974 187 1016 233 lll

170 262 257 332 Saepe
274 267 370 318 decem
388 280 496 330 servos3
514 256 595 319 modo
613 284 692 335 reges
711 271 794 335 atque
812 265 972 331 tetrarchas,

169 339 268 392 Omnia
275 356 374 406 magna
385 339 512 408 loquens;
530 341 619 409 modo,
632 342 697 395 “Sit
708 342 775 394 mihi
787 358 881 395 mensa
891 341 977 409 tripes
989 342 1019 394 et

169 413 279 467 Concha
295 414 359 467 salis
376 415 438 482 puri
456 419 486 468 et
502 419 568 484 toga
585 433 656 485 quae
672 417 821 471 defendere
838 417 925 484 frigus

169 489 297 551 Quamvis
314 506 405 547 crassa
421 491 525 559 queat.''
561 492 660 547 Decies
678 496 795 546 centena
813 492 937 546 dedisses
995 506 1017 546 1⁵

169 563 242 619 Huic
258 581 343 638 parco
357 567 452 632 paucis
462 568 603 651 pontente,
623 568 744 637 quinque
760 567 858 620 diebus

167 639 215 692 Nil
233 644 293 694 erat
310 640 338 693 in
356 640 457 694 loculis.
492 641 596 695 Noctes
613 642 743 710 vigilabat
760 643 903 711 adipsum

167 714 257 784 Mane,
275 716 349 769 diem
367 720 456 770 totum
474 716 626 783 stertebat3
643 719 681 771 nil
698 719 751 771 fuit
768 734 887 786 unquam

169 789 213 844 sic
230 791 318 859 impar
336 791 511 845 sibi-Nunc
528 792 628 861 aliquis
645 793 720 846 dicat
737 793 820 846 mihi:
839 792 932 857 “Quid
949 794 998 846 tul

167 865 285 920 Nullane
297 866 383 920 habes
393 867 493 921 vitial''
518 868 608 921 Immo
625 869 678 922 alia
690 872 719 923 et
732 870 849 922 fortasse
860 869 971 922 minora.
993 884 1018 922 so

48 993 55 1003 ,
168 941 293 994 Maenius
311 941 451 995 absentem
468 943 588 996 Novium
605 961 666 998 cum
684 947 817 1012 carperet,
835 944 934 997 “Heus
951 943 1006 1011 tu,'’

169 1016 286 1080 Quidam
303 1017 349 1085 ait,
368 1018 495 1086 “ignoras
512 1021 549 1085 te,
567 1035 603 1071 an
619 1024 654 1073 ut*
668 1020 792 1087 ignotum
810 1019 877 1072 dare
893 1019 972 1072 nobis
1033 1076 1037 1085 ,

169 1088 262 1144 Verba
279 1093 389 1159 putasl”
426 1093 562 1161 “Egomet
579 1094 618 1146 mi
634 1095 765 1162 ignosco,’'
780 1094 905 1147 Maenius
921 1095 1018 1162 inquit

171 1166 278 1220 Stultus
295 1170 326 1220 et
341 1167 482 1236 improbus
498 1168 543 1221 hic
561 1184 637 1221 amer
655 1174 698 1222 est
716 1169 870 1237 dignusque
886 1170 983 1226 notari.

171 1239 240 1294 Cum
256 1246 306 1295 tua
321 1242 465 1310 pervideas
483 1242 566 1295 oculis
584 1243 657 1296 mala
672 1243 762 1312 lippus
778 1244 904 1313 inunctis,
994 1260 1018 1300 25

170 1315 227 1369 Gur
243 1316 271 1368 in
288 1317 435 1370 amicorum
452 1317 527 1370 vitiis
543 1320 603 1370 tam
619 1319 709 1371 cernis
725 1322 836 1372 acutum

170 1390 466 1461 Quamautaquilaaut
475 1409 586 1462 serpens
595 1393 776 1461 Epidaurins?
796 1394 837 1448 At
853 1393 905 1449 tibi
916 1398 1011 1449 contra

169 1466 275 1535 Evenit,
293 1467 433 1536 iuquirant
449 1467 517 1522 vitia
533 1472 566 1522 ut
583 1473 632 1522 tua
648 1485 743 1522 rursus
761 1474 790 1522 et
806 1470 854 1524 illi

169 1542 329 1596 Iracundior
346 1547 389 1596 est
405 1543 494 1613 paulo,
512 1544 603 1597 minus
619 1548 701 1612 aptus
718 1545 806 1598 acutis

102 1628 106 1634 ·
168 1617 288 1671 Naribus
305 1618 402 1672 horum
418 1618 574 1685 hominum;
591 1619 676 1673 rideri
692 1620 779 1687 possit
795 1637 828 1674 eo
845 1620 921 1690 quod
995 1637 1019 1676 ee

169 1692 306 1747 Rusticius
323 1697 402 1747 tonso
418 1698 483 1762 toga
500 1694 597 1749 defluit
615 1699 644 1749 et
661 1695 731 1749 male
748 1696 826 1749 laxus

169 1767 203 1823 In
220 1769 292 1846 pede
309 1769 413 1824 calceus
431 1769 539 1825 haeret:
557 1774 587 1824 at
604 1775 647 1825 est
663 1769 752 1824 bonus
768 1775 801 1824 ut
817 1771 914 1825 melior
933 1771 972 1825 vir

168 1844 231 1898 Non
248 1845 316 1898 alius
329 1846 482 1912 quisquam,
497 1849 527 1898 at
539 1845 591 1898 tibi
605 1846 715 1912 amicus,
729 1850 759 1898 at
771 1846 909 1912 ingenium
923 1845 1019 1913 ingens

168 1919 276 1973 Inculto
293 1919 364 1972 latet
380 1919 431 1972 hoc
448 1919 499 1971 sub
517 1935 636 1987 corpore.
671 1919 797 1987 Denique
814 1920 950 1989 teipsum

69 2047 72 2054 ,
167 1994 290 2049 Concute
306 2010 372 2047 num
390 2010 444 2062 qua
461 1993 513 2047 tibi
530 1993 659 2048 vitiorum
675 1994 805 2048 inseverit
821 1995 886 2047 olim
996 2013 1019 2051 aa

167 2070 195 2123 N
196 2073 282 2136 atina,
301 2072 350 2129 aut
367 2070 450 2122 etiam
468 2068 636 2123 consuetudo
652 2069 740 2134 mala;
756 2086 874 2139 namque

167 2145 195 2198 N
196 2145 309 2213 eglectis
326 2144 432 2198 urenda
448 2144 507 2211 filis
524 2144 674 2198 innascitur
690 2144 770 2212 agris.

168 2220 237 2275 Illuc
254 2224 467 2290 praevertemur,
485 2223 634 2274 amatorem
652 2220 726 2289 quod
743 2220 846 2275 amicae

167 2296 268 2365 'l'urpia
284 2295 426 2363 decipiunt
442 2311 552 2348 caecum
569 2295 643 2363 vitia,
661 2299 709 2348 aut
726 2295 810 2350 etiam
826 2297 887 2366 ipsa
903 2298 971 2352 haec

166 2372 318 2441 Delectant,
335 2371 421 2427 veluti
439 2370 585 2424 Balbinum
602 2371 715 2439 polypus
733 2372 857 2439 Hagnae
883 2409 892 2416 -
994 2389 1018 2428 11

167 2447 274 2502 Vellem
290 2448 319 2500 in
337 2446 456 2501 amicitia
474 2446 513 2500 sie
530 2463 699 2511 erraremus;
717 2450 746 2501 et
762 2448 810 2502 isti

166 2522 260 2577 Ilrrori
278 2539 376 2577 nomen
393 2522 481 2577 virtus
499 2522 635 2590 posuisset
651 2522 803 2577 honestum.

167 2599 207 2651 At
223 2602 352 2666 pateret
368 2598 444 2665 gnati
462 2598 501 2651 sic
517 2614 566 2651 nos
585 2597 718 2651 debemus
734 2598 815 2652 amici

166 2672 196 2726 Si
212 2673 286 2741 quod
302 2673 339 2727 sit
356 2674 453 2727 vitium
469 2689 524 2727 non
541 2672 683 2727 fastidire:
702 2674 858 2728 strabonem

167 2748 296 2815 Appellat
313 2752 424 2817 paetum
441 2752 528 2816 pater,
547 2752 576 2803 et
593 2748 698 2817 pullum
715 2749 786 2804 male
803 2766 904 2819 parvus
994 2767 1016 2807 se

51 2879 59 2890 ,
166 2821 196 2875 Si
214 2821 258 2875 cui
276 2822 347 2875 lilius
365 2826 414 2891 est,
432 2827 465 2877 ut
482 2822 623 2878 abortivus
639 2822 693 2876 fuit
710 2824 775 2878 olim

165 2896 311 2966 Sisyphus;
327 2897 399 2951 hamc
415 2915 511 2952 varum
529 2898 654 2952 distortis
671 2899 811 2964 cruribus3
828 2900 905 2953 illum

164 2972 291 3027 Balbutit
308 2988 433 3026 scaurum
450 2973 540 3040 pravis
557 2973 658 3029 fultum
675 2974 746 3028 male
764 2974 835 3028 talis.

164 3047 277 3102 Parcius
293 3047 338 3102 hic
354 3048 429 3116 vivit,
447 3049 519 3116 frugi
537 3049 652 3103 dicatur.
688 3050 803 3117 ineptus

163 3122 201 3178 ut
213 3123 363 3195 jactantior
380 3123 424 3181 hic
440 3124 521 3192 paulo
539 3128 590 3192 est,
608 3123 755 3177 concinnus
773 3123 866 3176 amicis
991 3141 1016 3181 to

163 3199 289 3255 Postulat
306 3202 338 3254 ut
355 3198 489 3261 videatur.
524 3200 565 3252 At
583 3202 626 3254 est
643 3198 823 3253 truculentior
840 3202 925 3268 atque
