2275 3550
423 185 680 238 EPISTOLARUM
696 186 720 234 1.
737 185 764 236 7.
963 183 1008 232 169

152 268 291 323 Strenuus
307 272 338 324 st
354 265 433 323 fortis
450 267 593 336 causisque
612 266 756 335 Philippus
772 264 887 334 agendis

152 343 253 399 Clarus
270 343 306 398 ab
322 343 417 399 officiis
433 347 556 398 octavam
573 343 682 397 circiter
698 342 795 395 horam

152 417 230 472 Dum
247 419 329 486 redit,
347 423 430 489 atque
449 419 521 473 Foro
538 418 652 473 nimium
670 417 773 471 distare
792 414 906 470 Carinas

152 493 221 548 Jam
238 494 350 564 grandis
366 499 435 549 natu
451 494 585 565 queritur,
602 494 751 563 conspexit,
768 495 801 545 ut
818 490 904 556 01001,

154 569 295 624 Adrasum
313 570 451 639 quendam
468 587 554 625 vacua
565 570 683 625 tonsoris
699 569 729 623 in
749 566 848 622 umbra
873 579 878 592 ·
986 578 1012 622 00

154 644 274 699 Cultello
290 645 414 714 proprios
430 649 594 714 purgantem
610 645 710 700 leuiter
725 659 842 712 ungnes.

153 713 433 789 ι11)0οι0101,”-0’0000
449 720 493 775 hic
510 737 564 774 000
582 721 658 775 laeve
670 718 751 788 jussa
768 718 889 787 Philippi

156 794 366 865 decipiebat—st
373 794 426 863 abi,
444 811 546 864 quaere
564 799 595 851 et
611 795 692 863 refer,
708 793 784 848 unde
802 793 891 858 domo,
909 791 979 862 quis,

155 870 242 938 Cujus
259 871 392 937 fortunae,
410 887 465 940 que
483 870 520 925 eit
536 875 617 939 patre
633 887 723 941 quove
740 868 878 938 patrono?

147 945 192 1018 lt,
210 945 284 1001 rodit
300 950 330 1001 et
347 951 448 1016 namot,
466 946 606 1001 Volteium
622 947 731 1002 nomine
749 945 869 1012 Menam,
985 955 1010 996 cs

155 1019 330 1090 Praeconem,
346 1022 424 1077 tenui
440 1039 532 1090 censu,
549 1022 608 1077 sino
624 1022 745 1089 00100100,
761 1023 858 1075 netum

155 1095 194 1150 111
210 1113 357 1166 properare
373 1096 432 1152 loco
450 1101 480 1152 et
496 1113 604 1152 cessare
622 1101 652 1151 et
668 1112 801 1166 quaerere
818 1093 915 1160 01011,

155 1171 328 1228 Gaudentem
345 1173 492 1242 parvisque
509 1171 648 1226 sodalibus
665 1175 695 1226 et
711 1172 769 1226 lare
785 1173 860 1225 certo

156 1245 194 1299 Et
210 1246 284 1300 ludis
301 1251 331 1301 et
347 1250 411 1316 post
428 1247 520 1301 decisa
537 1248 648 1314 negotia
666 1246 775 1313 Campo.

156 1321 279 1376 “Scitari
295 1321 366 1376 libet
382 1339 417 1376 ex
434 1322 494 1390 ipso
511 1322 692 1391 quodcunque
709 1320 810 1384 refers3
827 1319 873 1374 dic
975 1331 1010 1397 'co

156 1396 204 1450 Ad
221 1412 335 1454 0000000
351 1397 482 1451 veniat.‘'v
501 1396 528 1451 N
530 1413 565 1450 on
583 1413 648 1450 sane
664 1396 778 1451 credere
795 1395 883 1465 Mena,

86 1515 90 1522 .
154 1471 251 1527 Mirari
269 1489 361 1527 secum
378 1473 485 1527 tacitus.
521 1471 594 1537 Quid
612 1472 718 1526 multat
754 1471 926 1538 “Benigne'’

154 1547 324 1617 Respondet
347 1548 463 1617 “Neget
473 1547 520 1602 ille
532 1547 636 1603 mihii’
659 1547 774 1616 “Negat
784 1544 925 1614 improbus
936 1548 967 1601 et
977 1549 1007 1600 te

153 1623 278 1693 Negligit
295 1626 344 1678 aut
360 1622 476 1678 horret.”
511 1623 651 1678 Volteium
668 1638 749 1677 mane
767 1621 910 1690 Philippus

153 1698 229 1755 Vilia
245 1697 411 1753 vendentem
427 1697 550 1753 tunicato
567 1705 661 1753 scruta
676 1697 783 1767 popello
984 1710 1009 1752 01

153 1774 278 1844 Occupat
295 1778 325 1831 01
342 1776 447 1830 salvere
460 1774 543 1843 jubet
559 1775 644 1844 prior.
680 1774 732 1829 Illo
750 1773 873 1843 Philippo

154 1849 293 1905 Excusare
309 1850 432 1904 laborem
449 1853 479 1904 et
495 1850 664 1905 mercenaria
680 1849 775 1917 vincla,

155 1923 237 1988 Quod
253 1941 306 1978 non
324 1940 405 1979 mano
422 1924 534 1978 domum
551 1924 682 1990 venisset,
700 1923 820 1993 denique
837 1925 914 1993 quod
931 1940 986 1979 non

160 1998 329 2054 Providisset
346 2016 416 2055 eum.
450 1998 518 2055 “Sic
534 1999 669 2068 ignorme
685 2002 783 2068 putato

155 2073 203 2129 Me
214 2073 267 2129 tibi
278 2074 411 2130 si‘ooenas
422 2074 505 2130 hodie
515 2074 644 2130 mecnnu”
675 2076 691 2102 ‘⁴
701 2074 741 2130 Ut
752 2073 842 2130 libet'’
870 2076 887 2104 “
895 2076 968 2144 Ergo
984 2090 1008 2131 ro

156 2149 223 2205 Post
239 2166 338 2205 nonam
355 2151 464 2217 venies;
480 2168 552 2206 nunc
568 2151 587 2219 i,
605 2167 664 2206 rem
682 2156 809 2206 strenuus
826 2152 918 2219 augei*

155 2225 196 2280 Ut
212 2231 325 2281 ventum
342 2227 379 2281 ed
397 2243 510 2281 coenam
527 2230 579 2291 est,
597 2226 716 2281 dicenda
732 2226 849 2281 tacenda
865 2226 968 2284 locutus

154 2300 276 2356 'landem
292 2301 442 2356 dormitm
458 2302 616 2357 dimittitur.
651 2302 706 2356 Hie
722 2301 770 2355 ubi
787 2318 869 2372 saepe

155 2375 298 2431 Occultum
316 2378 390 2431 visus
408 2377 555 2432 decurrere
572 2376 656 2446 piscia
673 2377 711 2431 ad
727 2377 839 2431 hamum

155 2450 236 2507 Mane
253 2452 339 2508 cliens
356 2451 458 2521 etjam
475 2456 567 2507 certus
586 2452 707 2521 conviva,
718 2452 834 2520 jubetur
982 2467 1008 2510 rs

155 2525 231 2582 Rura
247 2527 404 2585 suburbana
421 2527 533 2583 indictis
550 2543 642 2583 eomes
658 2529 700 2582 ire
718 2528 830 2583 Latinis.

155 2602 304 2672 Impositus
321 2603 427 2659 mannis
443 2619 539 2658 arvum
556 2603 717 2675 caelumque
734 2603 864 2659 Sabinum

154 2675 181 2730 Ν
182 2694 217 2732 00
234 2682 324 2734 cessat
341 2678 461 2734 laudare.
496 2677 584 2733 Videt
601 2679 730 2749 ridetque
748 2679 897 2749 Philippus,

155 2751 192 2808 Et
209 2753 262 2808 sibi
280 2754 346 2809 dum
363 2755 493 2823 requiem,
512 2752 579 2808 dum
596 2754 668 2809 risus
685 2755 806 2825 undique
823 2753 940 2824 quaerit,
957 2812 962 2827 Ι

154 2824 228 2884 Dum
245 2835 352 2897 septem
369 2829 454 2885 donat
471 2831 607 2898 sestertia,
625 2834 721 2885 mutua
737 2835 844 2901 septem
982 2842 1007 2882 aa

154 2903 303 2973 Promittit,
319 2905 468 2974 persuadet
485 2905 527 2960 uti
545 2909 683 2960 mercetur
699 2906 824 2974 agellum

154 2972 300 3035 Mereatur.
334 2980 361 3034 N
362 2997 378 3034 e
395 2984 425 3034 te
443 2980 530 3049 longis
547 2980 708 3048 ambagibus
725 2981 798 3034 ultra

153 3053 241 3119 Quam
258 3055 326 3110 satis
344 3059 387 3110 est
405 3072 502 3124 morer,
519 3072 555 3110 ex
572 3055 660 3110 nitide
678 3056 711 3111 fit
728 3055 846 3109 rusticus
863 3057 945 3126 atque
1020 3062 1023 3066 ’

153 3127 247 3185 801000
265 3135 295 3186 01
312 3130 405 3185 vineta
422 3135 517 3198 crepat
533 3146 626 3195 mera3
643 3132 789 3199 praeparat
806 3129 901 3198 ulmos,

154 3203 314 3262 Immeritur
332 3206 431 3262 studiis
448 3211 478 3262 et
495 3222 589 3261 amore
605 3206 724 3261 senescit
740 3204 868 3260 habendi.
980 3219 1005 3260 aa
