2275 3550
395 193 550 243 Horam
566 195 699 246 FLAOOI

257 270 423 339 Nuptiarum
442 289 540 342 expers
558 278 589 329 et
606 274 696 329 adhuc
713 280 843 345 protervo

292 347 384 401 Cruda
401 349 510 404 marito

258 421 300 475 'l'u
316 425 396 490 potes
413 424 501 491 tigres
519 424 691 495 comitesque
708 426 791 481 silvas

257 497 366 551 Ducere
384 501 414 553 et
431 498 504 552 rivos
522 500 625 553 celeres
642 501 761 567 moreri3

257 572 348 627 Gessit
365 572 492 627 immanis
510 573 562 629 tibi
579 575 733 630 blandienti

291 647 402 702 Janitor
419 648 497 703 aulae

257 721 402 789 Cerberum,
421 724 545 792 quamvis
561 724 662 779 furiale
679 729 790 781 centum

256 796 385 852 Muniant
403 815 506 866 angues
523 803 607 867 eaput
624 799 685 868 ejus
702 806 787 871 atquc

257 871 378 941 Spiritus
395 877 469 927 teter
486 873 632 943 saniesque
649 879 745 929 manet

291 947 348 1002 Ore
365 947 498 1017 trilingui.

257 1021 328 1087 Quin
346 1026 376 1078 et
395 1024 475 1078 Ixion
493 1025 641 1094 Tityosque
658 1025 737 1080 vultu

256 1097 331 1153 Risit
348 1099 442 1166 invito,
460 1101 541 1154 stetit
557 1117 629 1154 urna
645 1101 767 1170 paullum

256 1172 335 1227 Sicca
351 1173 418 1228 dum
435 1179 515 1243 grato
532 1175 622 1229 Danai
639 1176 745 1246 puellas

290 1249 417 1303 Carmine
434 1251 544 1304 mulces.

184 1364 187 1369 »
256 1324 364 1378 Audiat
382 1325 459 1394 Lyde
477 1327 564 1379 scelus
582 1328 667 1396 atque
684 1331 764 1381 notas

255 1399 402 1468 virginum
418 1418 521 1470 peenas
539 1403 569 1454 et
587 1401 668 1455 inane
684 1402 811 1472 lymphae

255 1474 366 1529 Delium
383 1476 468 1529 fundo
485 1476 628 1544 pereuntis
643 1476 706 1543 imo,

290 1548 413 1618 Senaque
430 1550 489 1604 fata

256 1623 333 1688 Quae
349 1628 461 1678 manent
479 1624 574 1693 culpas
591 1626 675 1680 etiam
693 1625 745 1680 sub
764 1627 842 1682 Orco.

256 1698 466 1767 impiae-nam
485 1701 553 1769 quid
570 1694 686 1769 potuere
704 1701 845 1771 majus?-

257 1775 364 1844 Impiae
383 1789 495 1846 sponsos
512 1781 628 1846 potuere
647 1778 717 1831 duro

291 1851 413 1906 Perdere
431 1853 517 1907 ferro!

254 1926 319 1982 Une
336 1928 373 1983 de
390 1928 484 1983 multis
501 1930 560 1983 face
578 1930 695 2000 nuptiali

255 2001 347 2072 Digna
364 2004 505 2073 perjurum
522 2006 577 2060 fuit
593 2007 622 2060 in
640 2010 784 2076 parentem

254 2079 405 2147 Splendide
421 2081 539 2133 mendax
557 2086 587 2135 ct
604 2082 633 2134 in
651 2100 732 2137 omne
749 2083 827 2152 virgo

289 2153 398 2208 Nobilis
415 2171 520 2221 actum,

255 2228 272 2257 ‘⁴
279 2228 390 2296 Surge,”
408 2245 479 2296 quae
498 2229 568 2282 dixit
581 2230 678 2296 juveni
695 2232 802 2301 marito,

255 2303 373 2371 “Surge
391 2319 427 2356 ue
444 2303 541 2369 longus
558 2304 610 2356 tibi
629 2321 740 2358 somnus
757 2307 831 2360 uude

254 2377 317 2432 Non
334 2379 417 2432 times
435 2377 533 2443 dctur;
551 2394 674 2433 socerum
691 2384 721 2434 et
737 2381 867 2436 scelestes

289 2450 365 2504 Fullo
383 2467 498 2519 sororeS,
945 2486 969 2521 40
994 2451 996 2456 ’

255 2525 331 2590 Quae
348 2525 424 2580 velut
441 2530 538 2581 nactae
555 2527 655 2582 vitulos
671 2528 784 2583 leaenae

254 2601 381 2668 Singulos
398 2602 470 2656 eheu
486 2603 623 2657 lacerant:
640 2620 691 2672 ego
708 2603 763 2656 illis

253 2675 364 2730 Mollior
379 2693 430 2731 nec
447 2682 478 2732 te
495 2677 593 2732 feriam
611 2694 700 2753 neque
718 2677 791 2734 intra

289 2751 416 2806 Claustra
432 2753 540 2808 tenebo.

253 2825 302 2880 Me
319 2831 400 2895 pater
417 2829 618 2884 saevis-oneret
635 2828 739 2883 catenis
944 2849 966 2889 45

255 2900 336 2964 Quod
353 2903 411 2970 viro
430 2904 547 2959 clemens
564 2907 664 2958 misero
680 2905 806 2974 peperci3

254 2974 303 3030 Mc
320 2977 364 3030 rel
382 2981 520 3033 extremos
538 2980 721 3034 Numidarum
739 2980 765 3032 in
785 2993 863 3049 agros

289 3052 383 3106 Classe
400 3054 511 3121 releget

254 3124 270 3179 I
287 3127 373 3194 pedes
391 3144 444 3196 quo
462 3134 491 3182 te
508 3129 620 3198 rapiunt
637 3134 667 3184 ct
683 3146 767 3184 aurae

253 3198 329 3255 Dum
345 3203 419 3257 iavet
435 3219 490 3256 nox
507 3208 537 3258 ot
554 3205 656 3266 Venus.
673 3206 684 3258 i
701 3205 822 3260 secundo
937 3222 959 3264 so
