2275 3550
140 185 185 230 rso
241 146 245 154 ’
413 178 569 228 Hosnrrr
586 179 716 228 suasor

139 262 281 316 Autumat.
317 258 395 312 Haec
406 259 526 328 populos,
538 259 604 312 haec
616 276 727 327 magnos
738 256 856 316 formula
866 274 947 332 reges
967 272 995 323 la

138 338 260 405 Excepto
278 335 400 402 sapiente
419 337 503 389 tenet.
538 335 565 389 N
567 352 620 388 une
637 336 730 403 accipe
748 351 833 404 quare

138 412 282 481 Desipiant
299 427 392 464 omnes
411 426 497 478 aeque
515 427 546 463 ao
563 413 597 463 tu
614 411 661 479 qui
679 410 730 464 tibi
747 428 847 466 nomen

138 488 238 541 Iusano
255 502 378 555 posuere.
415 484 500 539 Velut
517 486 592 539 silvis
610 486 657 539 ubi
675 487 777 555 passim

138 563 266 616 Palantes
284 578 360 614 orror
378 565 453 615 certo
472 550 507 614 de
525 562 638 615 tramite
655 562 742 631 pellit,

138 638 190 692 Illo
202 638 395 703 sinistrorsum,
408 638 453 691 hic
465 636 640 690 dextrorsum
652 637 724 692 abit:
742 654 812 692 unus
823 640 935 708 utrique
966 656 992 697 so

137 715 228 781 Error,
247 714 297 767 sed
313 713 396 767 variis
413 712 506 767 illudit
522 713 663 781 partibus;
681 714 732 766 hoc
748 717 778 767 te

137 789 226 844 Crede
243 788 325 842 modo
343 790 474 856 insanum,
493 789 578 841 nihilo
595 792 628 842 ut
646 790 795 857 sapientior
812 791 858 844 ille
961 787 964 790 ’

137 864 190 929 Qui
207 869 237 919 te
254 864 364 918 deridet
382 864 495 917 caudam
514 863 615 917 trahat.
651 865 702 918 Est
718 881 805 933 genus
822 883 907 921 unum

137 941 276 995 Stultitiae
293 940 408 993 nihilum
426 939 577 992 metuenda
594 939 724 1007 timentis,
742 943 774 995 ut
791 941 876 1011 ignes,

138 1017 177 1070 Ut
194 1032 276 1085 rupes
295 1016 445 1083 fluviosque
463 1014 492 1068 in
510 1031 605 1083 campo
623 1015 732 1069 obstare
751 1022 896 1085 queratur3
966 1035 991 1076 ss

136 1092 266 1146 Alterum
284 1095 313 1145 et
330 1091 393 1144 huie
411 1107 506 1144 varum
524 1094 553 1144 et
571 1090 655 1143 nihilo
674 1092 824 1159 sapientius
841 1093 919 1161 ignes

136 1168 193 1221 Per
209 1167 313 1220 medios
331 1166 482 1234 fluviosque
500 1166 619 1220 ruentis:
638 1166 737 1220 clamet
754 1168 840 1221 amica

135 1243 235 1310 Mater,
253 1243 368 1296 honesta
386 1258 463 1295 soror
479 1257 541 1294 curn
559 1241 688 1309 cognatis,
706 1246 793 1310 pater,
811 1259 893 1298 uxor:

136 1319 207 1372 ‘Hic
223 1320 295 1371 fossa
312 1321 356 1371 est
372 1317 476 1385 ingens-
494 1316 538 1370 hic
555 1333 638 1385 rupes
655 1317 780 1385 maxima,
798 1335 876 1372 serra
886 1319 901 1373 i'
922 1319 930 1333 ⁰

134 1393 198 1447 Non
216 1395 302 1460 magis
319 1393 439 1446 audierit
457 1409 539 1460 quam
558 1392 652 1446 Fufius
670 1393 762 1446 ebrius
779 1394 851 1461 olim,
963 1411 988 1450 sc

135 1469 205 1523 (lum
224 1469 339 1522 Ilionam
357 1467 483 1533 edormit,
503 1468 625 1521 Catienis
642 1469 717 1522 mille
735 1469 867 1537 ducentis,

135 1543 250 1610 ‘Mater,
267 1548 297 1597 ts
315 1542 422 1611 appello
433 1543 447 1597 i'
466 1542 653 1597 clamantibus
691 1544 764 1598 Huic
781 1561 831 1613 ego
848 1544 945 1614 vulgrrs

134 1620 228 1673 Errori
246 1619 361 1673 similem
379 1620 506 1672 cunctum
523 1618 644 1672 insanire
663 1619 773 1673 docebo.

135 1695 243 1750 Insanit
259 1698 367 1748 veteres
385 1697 490 1747 statuas
508 1693 691 1763 Damasippus
709 1695 838 1750 emendo:

134 1771 250 1841 Integer
267 1775 311 1826 est
327 1770 427 1825 mentis
445 1768 606 1840 Damasippi
623 1771 762 1826 creditori
797 1771 881 1828 Esto!
963 1791 987 1829 ss

134 1849 238 1918 Accipe
255 1848 330 1917 quod
347 1862 487 1916 nunquam
505 1846 608 1900 reddas
625 1847 699 1915 mihi,
718 1848 741 1900 si
758 1847 810 1902 tibi
828 1848 923 1916 dicam,

133 1924 210 1979 Tune
227 1925 338 1978 insanus
356 1921 410 1977 eris
428 1922 451 1976 si
468 1923 625 1991 acceperint
642 1923 782 1991 an‘magis
799 1940 895 1977 excors

134 2000 250 2069 Rejecta
266 1999 369 2067 praeda
387 2014 469 2066 quam
486 2015 616 2067 praesens
634 1998 788 2052 Mercurius
804 1999 878 2053 ferti

108 2125 112 2136 ,
133 2075 243 2130 ‘Scribe
262 2077 358 2129 decem
376 2074 402 2127 N
405 2074 475 2138 erio;
492 2090 546 2127 non
564 2077 608 2127 est
626 2074 706 2128 satis:
725 2075 797 2128 adde
815 2074 927 2129 cicutas

133 2150 161 2203 N
162 2151 238 2204 odosi
254 2150 363 2203 tabulas
381 2152 498 2215 centum,
516 2149 590 2201 mille
612 2149 684 2201 adde
702 2153 824 2203 crateuas:
962 2166 986 2204 ro

133 2225 253 2292 Effugiet
270 2228 362 2278 tamen
379 2223 446 2275 haec
464 2223 611 2275 sceleratus
629 2223 736 2275 vincula
755 2224 877 2278 Proteus.

134 2299 203 2353 Cum
220 2298 310 2366 rapies
328 2298 356 2350 in
370 2296 417 2363 jus
434 2296 514 2348 malis
531 2296 669 2349 ridentem
687 2297 789 2363 alienis,

133 2373 197 2428 Fiet
208 2390 281 2442 aper,
294 2371 375 2425 modo
386 2371 452 2437 avis,
464 2370 545 2423 modo
558 2386 653 2423 saxum
665 2374 768 2423 etcum
780 2372 853 2425 volet
864 2372 961 2430 arbor?

133 2450 162 2504 Si
179 2450 325 2503 malorem
342 2463 438 2515 gerere
455 2445 541 2498 insani
560 2448 610 2513 est,
628 2450 723 2499 contra
740 2445 809 2501 bene
826 2450 893 2515 sani,

133 2524 259 2578 Putidius
276 2524 362 2578 multo
380 2521 521 2577 cerebrum
540 2525 591 2588 est,
609 2521 675 2573 mihi
693 2522 781 2589 crede,
801 2523 902 2593 Perilli,
960 2540 984 2582 ⁷⁵

132 2599 268 2654 Distantis
286 2598 360 2668 quod
377 2602 410 2651 tu
427 2613 567 2665 nunquam
585 2596 735 2652 rescribere
752 2600 846 2668 possis

132 2676 240 2730 Audire
259 2680 342 2744 atque
360 2679 452 2742 togam
466 2673 552 2741 jubeo
571 2690 739 2742 componere,
758 2676 881 2747 quisquis

132 2751 291 2806 Ambitione
309 2751 380 2804 mala
398 2753 446 2803 aut
464 2749 572 2817 argenti
590 2750 676 2819 pallet
693 2768 792 2821 amore,

132 2828 260 2897 Quisquis
277 2827 386 2881 luxuria
403 2825 512 2879 tristive
532 2826 726 2894 superstitione

132 2906 192 2958 Aut
208 2904 262 2957 alio
278 2902 379 2958 mentis
396 2902 491 2956 morbo
509 2902 581 2956 calet
590 2924 596 2969 ;
613 2902 665 2956 huc
682 2903 794 2973 propius
813 2921 865 2974 me,
959 2920 984 2960 ss

131 2979 204 3033 Dum
222 2975 307 3034 doceo
324 2978 445 3032 insanire
463 2994 565 3046 omnes,
583 2994 630 3031 vos
649 2980 746 3033 ordine
764 2980 847 3033 adite.

130 3053 229 3109 Danda
236 3058 280 3108 est
291 3053 423 3107 hellebori
437 3054 524 3108 multo
542 3070 606 3123 pars
625 3056 743 3108 maxima
761 3056 864 3121 avaris;

130 3128 230 3183 Nescio
247 3147 283 3184 an
302 3130 462 3198 Anticyram
479 3130 551 3184 ratio
568 3129 622 3182 illis
640 3130 761 3183 destinet
779 3133 895 3185 omnem.

130 3202 259 3260 Heredes
277 3205 387 3262 Staberi
400 3221 532 3261 summam
550 3205 672 3260 incidere
689 3205 827 3275 sepulcro:
