2275 3550
90 160 102 181 ι
113 203 146 259 24
387 203 543 254 HORATII
559 200 691 252 FLAOGI

464 467 616 522 XXXVII.

253 583 280 640 N
280 601 335 638 ono
352 585 395 637 est
410 581 569 649 bibendum,
586 596 658 634 nunc
674 580 746 648 pede
763 579 848 637 libero

253 659 391 715 Pulsanda
408 658 497 724 tellus,
514 673 588 710 nunc
606 655 755 711 Saliaribus

287 735 393 789 Ornare
410 734 536 802 pulvinar
553 730 668 784 deorum

322 809 440 877 Tempus
458 811 518 861 erat
537 805 660 875 dapibus,
680 805 793 859 sodales.

254 885 379 941 Antehac
397 884 473 937 nefas
490 883 653 950 depromere
671 879 827 935 Caecubum
954 894 969 936 s

255 961 337 1019 Oellis
354 958 442 1025 avitis,
459 958 526 1011 dum
544 955 679 1025 Capitolio

288 1035 396 1104 Regina
411 1034 554 1087 dementes
570 1032 665 1085 ruinas

322 1112 416 1166 Funus
433 1113 463 1164 et
478 1108 594 1177 imperio
610 1106 726 1176 parabat

253 1187 442 1244 Contaminato
459 1201 520 1239 cum
537 1200 621 1253 grege
637 1183 773 1251 turpium,

253 1263 352 1320 Morbo
370 1262 497 1327 virorum,
514 1259 651 1329 quidlibet
668 1260 804 1328 impotens

287 1340 405 1409 Sperare
421 1337 585 1404 fortunaque
601 1333 675 1388 dulei

272 1459 274 1463 .
322 1413 413 1468 Ebria
447 1411 503 1466 Sed
520 1406 619 1464 minuit
635 1411 755 1463 furorem

256 1491 310 1544 Vix
326 1506 380 1543 una
397 1502 490 1555 sospes
505 1485 584 1539 navis
601 1483 636 1538 ab
654 1484 770 1552 ignibus,

253 1567 431 1632 Mentemque
447 1560 614 1630 lymphatam
631 1559 782 1614 Mareotico

288 1640 407 1708 Redegit
423 1637 452 1691 in
469 1651 548 1690 veros
565 1635 679 1689 timores
717 1636 722 1643 ”

322 1715 429 1783 Caesar,
448 1711 483 1766 ab
503 1710 585 1766 Italia
602 1711 739 1766 volantem

254 1793 348 1848 Remis
364 1791 509 1858 adurgens,
526 1786 657 1855 accipiter
673 1787 748 1842 velut

254 1869 352 1925 Molles
369 1864 507 1923 columbas
525 1868 574 1918 aut
591 1864 712 1933 leporem
729 1863 800 1919 citus

267 1983 269 1986 ψ
288 1946 411 2000 Venator
427 1942 457 1996 in
474 1940 578 2009 campis
594 1939 691 1993 nivalis

321 2018 497 2098 Haemoniae,
516 2016 597 2070 daret
613 2020 645 2070 ut
662 2015 767 2071 catenis

255 2096 351 2152 Fatale
368 2098 537 2149 monstrum:
554 2102 626 2161 quae
642 2092 798 2160 generosius

255 2172 350 2230 Perire
367 2184 502 2240 quaerens
518 2184 570 2220 nee
587 2167 760 2221 muliebriter

287 2247 406 2315 Expavit
422 2259 515 2298 ensem
531 2258 583 2294 nec
600 2241 718 2296 latentes

323 2321 416 2376 Classe
432 2319 488 2372 cita
504 2316 642 2385 reparavit
658 2332 727 2369 oras.

255 2402 332 2453 Ausa
349 2399 379 2450 et
391 2395 529 2464 jacentem
547 2392 635 2445 visere
652 2391 755 2459 regiam

254 2473 342 2530 Vultu
359 2486 462 2537 sereno,
480 2466 559 2522 fortis
577 2470 607 2521 et
623 2483 734 2535 asperas

288 2549 417 2603 Tractare
434 2546 582 2612 serpentes,
599 2546 632 2597 ut
648 2546 739 2596 atrum

322 2624 443 2691 Corpore
459 2617 628 2674 combiberet
645 2634 787 2687 venenum,

253 2699 412 2757 Deliberata
428 2698 517 2750 morte
533 2694 655 2761 ferocior,

253 2775 348 2834 Sacis
365 2772 494 2827 Liburnis
511 2770 614 2824 seilicet
630 2767 755 2822 invidens

288 2851 400 2908 Privata
417 2846 515 2902 deduci
533 2844 651 2912 superbo

322 2927 385 2982 Non
401 2922 512 2979 liun1ilis
528 2921 627 2976 mulier
642 2918 788 2989 triumpho.
