2275 3550
397 180 553 232 HORATII
569 181 700 232 FLACOI

192 266 326 335 Ereptum
344 264 445 332 Stygiis
462 261 591 315 fluctibus
610 263 733 316 Aeacum

193 342 291 396 Virtus
308 344 338 394 et
353 340 431 392 favor
448 342 478 391 et
495 337 589 404 lingua
605 337 761 405 potentium

193 417 297 471 Vatum
314 414 445 468 divitibus
462 415 603 466 consecrat
619 412 722 467 insulis.

193 491 314 560 Dignum
331 488 413 544 laude
431 488 520 541 virum
538 487 620 540 Musa
636 492 712 541 vetat
727 489 809 546 mori.

194 567 276 622 Caelo
294 565 375 620 Musa
391 564 464 619 beat
500 562 545 618 Sic
563 562 641 616 Jovis
658 563 774 618 interest

194 642 305 711 Optatis
321 639 410 709 epulis
426 638 544 708 impiger
561 638 711 703 Hercules3

195 718 305 772 illarum
323 714 494 784 Tyndaridae
514 714 591 768 sidus
607 714 642 766 ab
659 714 760 768 intimis
811 737 813 740 ·

195 794 314 858 Quassas
332 791 452 860 eripiunt
469 788 634 858 aequoribus
651 792 741 855 rates;

195 868 316 922 Ornatus
332 866 414 920 riridi
431 868 556 939 tempora
572 864 700 932 pampino

195 943 280 999 Liber
296 945 361 996 vota
376 941 463 995 bonos
480 939 558 994 ducit
575 939 613 992 ad
629 938 727 993 exitus.

527 1081 578 1136 IX.

229 1168 257 1224 N
257 1183 275 1222 u
292 1169 364 1222 forte
380 1165 476 1221 credas
491 1164 639 1220 interitura
656 1179 728 1233 quae

229 1244 323 1312 Longe
340 1246 482 1297 sonantem
498 1245 580 1295 natus
596 1240 634 1293 ad
651 1240 784 1296 Aufidum

263 1320 290 1374 N
292 1337 327 1373 on
344 1322 408 1373 ante
424 1317 549 1385 vulgatas
565 1333 616 1385 per
633 1319 708 1370 artes

297 1393 392 1447 Verba
407 1394 504 1461 loquor
521 1391 650 1444 socianda
666 1391 789 1447 chordis:

229 1470 257 1524 N
258 1486 292 1523 on
310 1469 334 1522 si
351 1469 456 1537 priores
474 1466 618 1519 Maeonius
634 1468 714 1518 tenet
763 1524 766 1530 ,

229 1544 315 1601 Sedes
333 1543 471 1597 Homerus
489 1541 650 1594 Pindaricae
667 1540 755 1594 latent

263 1619 389 1687 Ceaeque
407 1621 436 1671 et
455 1615 550 1670 Alcaei
567 1616 688 1669 minaces

297 1692 499 1761 Stesichorique
516 1707 614 1759 graves
633 1690 781 1747 Camenae:

229 1771 289 1826 Nec
307 1770 330 1824 si
347 1768 415 1840 quid
432 1767 497 1822 olim
514 1765 580 1821 lusit
598 1769 742 1821 Anacreon

229 1846 339 1901 Delerit
356 1848 447 1910 aetas;
465 1843 551 1912 spirat
567 1842 658 1897 adhuc
674 1858 751 1897 amor

263 1921 423 1989 Vivuntque
440 1918 576 1973 commissi
594 1918 699 1973 calores

268 2017 270 2022 ’
298 1996 412 2051 Aeoliae
429 1995 533 2049 fidibus
548 1993 664 2063 puellae.

229 2073 257 2129 N
257 2090 292 2127 on
310 2072 367 2126 sola
383 2074 506 2139 comptos
524 2069 593 2124 arsit
609 2067 729 2122 adulteri

230 2149 334 2215 Orines,
352 2151 381 2202 et
399 2163 496 2200 aurum
513 2145 637 2198 vestibus
653 2144 752 2198 illitum

263 2223 366 2278 Mirata
382 2220 545 2287 regalesque
562 2218 653 2272 cultus

231 2307 234 2320 ·
298 2297 337 2350 Et
352 2296 466 2349 comites
484 2293 593 2346 Helene
611 2292 743 2358 lacaena,

185 2439 189 2446 ‚
230 2372 374 2429 Primusve
392 2369 496 2423 Teucer
513 2367 570 2421 tela
588 2366 709 2434 Cydonio

230 2447 340 2506 Direxit
356 2461 436 2510 arcu3
453 2459 508 2497 non
526 2441 611 2495 semel
629 2441 697 2495 Ilios

264 2522 389 2587 Vexata3
404 2536 460 2576 uon
476 2518 610 2587 pugnavit
626 2516 724 2585 ingens

299 2597 464 2652 Idomeneus
482 2593 662 2648 Sthenelusve
680 2591 754 2645 solus

230 2673 355 2730 Dicenda
372 2670 460 2725 Musis
477 2668 596 2739 proelia;
613 2684 668 2721 non
685 2667 764 2721 ferox

230 2749 337 2806 Hector
353 2747 397 2801 vel
413 2762 477 2801 acer
494 2743 655 2812 Deiphobus
675 2756 774 2812 graves

265 2822 382 2891 Excepit
398 2821 470 2884 ictus
486 2836 538 2895 pro
554 2818 662 2888 pudicis
762 2831 767 2842 ·

299 2896 469 2966 conjugibus
486 2895 635 2965 puerisque
652 2894 762 2964 primus

231 2974 334 3033 Vixere
351 2974 438 3027 fortes
455 2977 520 3029 ante
538 2973 747 3039 Agamemnona

231 3050 331 3118 Multi;
348 3050 400 3104 sed
417 3065 512 3103 omncs
528 3046 730 3101 illacrimabiles

266 3126 409 3194 Urgentur
426 3124 570 3193 ignotique
589 3122 671 3189 longa

301 3202 398 3270 Nocte,
416 3203 512 3255 carent
529 3198 596 3268 quia
612 3201 677 3250 vate
694 3212 778 3251 samo.
