2275 3550
417 182 622 236 oARMINUM
638 183 687 236 Ν.
705 189 729 239 4.

283 269 403 325 Dextras
421 268 545 323 obarmet
562 284 697 337 quaerere
715 266 817 332 distuli,

283 346 310 400 N
312 360 343 399 ec
360 346 429 400 scire
446 345 488 398 fas
506 347 550 398 est
567 344 659 397 omnia
666 342 757 408 ;-sed
776 341 824 394 diu

318 422 441 489 Lateque
457 419 583 474 victrices
601 422 727 472 catervae

355 497 481 550 Consiliis
494 494 606 562 juvenis
623 493 752 546 revictae.

963 187 996 243 73

283 571 399 626 Scnsere
416 571 484 639 quid
502 585 581 622 mens
598 568 660 636 rite,
678 567 746 635 quid
763 567 870 620 indoles
974 582 997 619 rs

166 672 169 677 ⁴
284 647 398 701 Nutrita
414 646 511 700 faustis
529 643 581 696 sub
599 642 784 710 penetralibus

318 721 424 789 Posset,
441 720 510 789 quid
528 718 649 785 Augusti
666 721 798 785 paternus

342 796 388 849 .In
405 811 505 866 pueros
523 794 628 847 animus
646 792 777 846 Nerones.

286 871 385 925 Fortes
402 873 531 924 creantur
547 868 666 922 fortibus
683 871 714 921 et
730 867 825 933 bonis3
856 938 858 940 ·

283 946 334 1003 Est
351 947 380 1000 in
392 945 527 1014 juvencis,
545 944 635 998 estin
653 944 731 1012 equis
748 947 858 1010 patrum

317 1022 422 1090 Virtus,
439 1036 530 1090 nequo
546 1019 686 1072 imbellem
703 1018 809 1071 feroces

353 1097 541 1165 Progenerant
558 1094 665 1163 aquilae
683 1092 853 1156 columbam3

284 1169 417 1224 Doctrina
433 1170 483 1226 sed
500 1170 556 1237 vim
573 1172 716 1236 promovet
733 1168 850 1234 insitam,

283 1245 420 1314 Rectique
436 1245 526 1299 cultus
542 1247 655 1311 pectora
672 1243 802 1297 roborant
807 1264 816 1309 ;

318 1320 467 1389 Utcunque
485 1319 610 1372 defecere
627 1334 717 1372 mores

352 1394 517 1449 Indecorant
534 1393 606 1447 bene
622 1398 687 1447 nata
703 1394 807 1462 culpae.
877 1398 879 1402 '

284 1469 358 1533 Quid
375 1470 485 1537 debeas
503 1485 526 1535 o·
538 1468 633 1535 Roma,
652 1468 808 1521 Neronibus
828 1502 831 1507 «

283 1545 372 1600 Testis
390 1545 547 1598 Metaurum
565 1543 667 1604 fiumen
686 1547 715 1596 et
734 1541 897 1596 Hasdrubal

316 1620 448 1674 Devictus
466 1623 496 1674 ct
512 1619 626 1687 pulcher
643 1618 746 1686 fugatis

351 1695 404 1749 Ille
422 1694 482 1749 dies
500 1694 579 1748 Latio
597 1693 720 1747 tenebris

281 1768 336 1834 Qui
353 1761 458 1838 primus
473 1768 545 1822 alma
562 1768 624 1822 risit
640 1767 757 1835 adorea.

282 1844 368 1898 Dirus
384 1861 436 1912 per
452 1844 536 1897 urbes
554 1844 625 1895 Afer
641 1844 778 1914 uttltalas

316 1920 376 1974 Ocu
393 1919 503 1973 flamma
519 1935 570 1987 per
587 1918 684 1971 taedas
701 1918 746 1971 vel
764 1919 853 1970 Eurus

351 1994 406 2047 Per
424 1993 527 2048 Siculas
545 1993 680 2062 equitavit
697 1992 792 2045 undas.

282 2068 351 2124 Post
366 2069 418 2123 hoc
436 2067 562 2122 secundis
580 2084 667 2137 usque
684 2066 823 2121 laboribus

282 2144 406 2199 Romana
422 2143 510 2212 pubes
526 2143 613 2198 crevit
630 2146 659 2197 et
676 2142 760 2211 impio

316 2219 433 2273 Vastata
451 2219 604 2272 Poenorum
621 2218 752 2273 tumultu

350 2294 428 2347 Fana
439 2294 511 2347 deos
528 2294 651 2349 habuere
667 2299 772 2359 rectos3

281 2367 415 2439 Dixitque
426 2369 545 2423 ¹tandem
561 2369 684 2436 perfidus
702 2368 855 2423 Hannibal:

281 2444 363 2499 Cervi
379 2445 505 2513 luporum
521 2444 626 2513 praeda
642 2445 781 2512 rapacium

315 2520 458 2575 Sectamur
474 2520 548 2574 ultro
565 2534 634 2587 quos
651 2519 759 2588 opimus
798 2580 800 2583 y
857 2535 867 2544 ·

321 2647 324 2650 ,
351 2595 459 2649 Fallere
476 2598 506 2649 et
523 2592 645 2662 effugere
662 2597 708 2650 est
722 2591 883 2661 triumphus.

281 2669 356 2725 Gens
372 2687 444 2740 quae
460 2674 583 2725 cremato
599 2669 681 2723 fortis
695 2667 731 2722 ab
750 2667 802 2722 Ilio

281 2745 394 2801 Jactata
411 2746 505 2806 Tuscis
522 2744 687 2814 aequoribus
704 2759 784 2803 sacra

314 2821 341 2874 N
342 2825 456 2889 atosque
473 2824 650 2889 maturosque
666 2822 761 2888 patres

351 2896 470 2950 Pertulit
488 2896 625 2950 Ausonias
642 2895 679 2948 ad
695 2894 787 2962 urbes,

282 2964 366 3022 Duris
382 2970 487 3025 utiles
503 2972 584 3023 tonsa
600 2968 765 3037 bipennibus

221 3086 225 3092 .
282 3039 385 3109 Nigrae
400 3045 484 3098 feraci
501 3044 607 3098 frondis
624 3046 653 3097 in
673 3042 782 3110 Algido,

226 3117 231 3126 '
317 3117 372 3171 Per
388 3118 494 3187 damna,
510 3136 561 3189 per
578 3119 683 3184 caedes,
701 3117 737 3171 ab
754 3117 814 3184 ipso

351 3190 436 3245 Ducit
452 3208 518 3261 opes
534 3194 709 3263 animumque
725 3191 806 3244 ferro.

972 3212 996 3249 δῦ
