2275 3550
433 185 648 236 SATIRARUM
664 181 1005 233 11111

160 268 297 339 labescat,
317 282 407 335 neque
425 282 454 319 se
471 265 568 333 majori
585 263 776 333 pauperiorum

161 343 266 397 Turbae
284 343 429 410 comparet,
448 339 519 392 hunc
537 342 621 406 atque
639 339 711 390 hunc
729 350 858 403 superare
875 331 988 385 laboret

160 418 205 472 Sic
221 415 361 470 festinanti
380 430 487 483 semper
504 413 663 500 locupletior
680 410 779 476 obstat,

159 493 208 560 Ut,
226 509 308 561 quum
326 489 480 544 carceribus
497 488 594 541 missos
611 488 684 556 rapit
699 451 802 553 ungula
819 497 921 546 currus,

160 568 251 621 Instat
269 567 347 634 equis
364 565 440 633 suri
425 581 459 617 va
477 579 539 617 suos
556 562 733 630 vincentibus,
750 560 827 613 illum
972 571 1006 610 113

145 640 299 695 'Praeterit
287 645 345 694 tum
363 644 488 693 temnens
506 642 644 692 extremos
660 639 733 690 inter
750 638 866 688 euntem

161 717 232 770 Inde
249 717 329 770 fitut
317 720 407 770 trare
426 715 473 784 qui
491 731 520 768 se
537 713 637 768 vixisse
654 713 764 766 beatum

160 790 248 859 Dicat,
267 794 296 844 11
314 794 409 844 exacto
427 793 571 842 contentus
588 794 712 858 tempore
729 788 786 840 vita

161 866 249 920 (ledat
267 866 308 919 uti
328 865 438 918 conviva
456 868 538 930 satur,
557 865 678 932 reperire
696 876 833 930 queamus

160 941 225 994 Jam
243 942 308 993 satis
326 941 375 993 est.
410 939 437 992 N
439 956 455 992 1
472 955 516 992 me
535 938 651 1006 Crispini
669 937 766 990 scrinia
783 933 849 1001 lippi
973 947 1006 985 111

161 1015 327 1084 Gompilasse
344 1016 432 1082 putes,
450 1013 563 1067 verbum
581 1029 635 1066 non
652 1011 767 1080 amplius
784 1009 891 1062 addam.

565 1154 607 1209 ΙΙ.

163 1236 381 1290 Aneunnanun
399 1235 518 1304 collegia,
534 1235 765 1305 pharmacopolae,

162 1309 291 1378 Mendici,
308 1310 414 1379 mimae,
431 1311 593 1376 balatrones,
610 1311 661 1364 hoc
677 1327 763 1378 genus
781 1325 861 1364 omne

162 1385 254 1439 Maest
242 1389 301 1439 tum
318 1402 350 1438 ec
367 1386 464 1440 sollicit
452 1390 511 1440 tum
528 1391 571 1440 est
588 1388 705 1440 cantoris
722 1389 810 1439 morte
828 1384 932 1452 Tigelli.

163 1460 270 1529 Quippe
288 1461 420 1528 benignus
437 1466 504 1515 erat.
540 1462 710 1526 contrahis,
728 1461 911 1530 neprodigus
929 1474 990 1512 esse

163 1532 279 1589 Dicatur
295 1539 426 1604 metuens,
443 1534 517 1605 inopi
534 1537 601 1591 dare
618 1538 688 1590 nolit
704 1537 790 1590 amico
995 1547 1007 1586 5

163 1611 261 1679 Frigus
278 1628 332 1679 quo
350 1578 500 1681 duramque
517 1613 617 1666 famem
634 1612 785 1681 propellere
803 1611 896 1678 possit

162 1685 282 1739 Hunc
261 1703 284 1739 11
301 1685 469 1754 perconteris
487 1689 530 1741 avi
548 1705 596 1741 cur
613 1692 698 1754 atque
714 1687 835 1754 parentis

162 1759 332 1818 Praeclaram
349 1760 458 1829 ingrata
475 1762 592 1829 stringat
609 1762 697 1815 malus
714 1760 832 1846 ingluvie
850 1775 916 1829 rem,

163 1836 261 1889 Omnia
277 1836 418 1889 conductis
435 1842 559 1890 coemens
577 1836 689 1889 obsonia
704 1836 830 1899 nummis,

163 1909 296 1964 Sordidus
313 1912 396 1978 atque
413 1911 496 1962 animi
513 1911 588 1978 quod
605 1909 681 1978 parvi
698 1910 765 1961 nolit
783 1908 1010 1975 haberi,1o

163 1984 330 2053 Respondet.
365 1984 506 2037 Laudatur
523 1985 558 2037 ab
575 1984 625 2052 his,
643 1985 769 2051 culpatur
785 1982 820 2035 ab
838 1983 899 2035 11111.

163 2059 288 2112 Fufidius
305 2076 408 2127 vappae
425 2058 526 2113 famam
543 2058 624 2112 timet
641 2075 673 2111 ac
689 2058 837 2124 nebulonis,

163 2134 247 2188 Dives
265 2136 343 2202 agris,
363 2135 438 2189 dives
456 2135 551 2203 positis
568 2135 598 2187 in
614 2135 707 2188 fenore
724 2134 859 2187 nummis:

164 2210 266 2273 Quinas
283 2209 327 2262 hic
344 2209 426 2278 capiti
444 2210 583 2264 mercedes
601 2213 711 2263 exsecat
727 2213 810 2277 atque

164 2285 270 2348 Quanto
287 2285 423 2353 perditior
438 2286 553 2354 quisque
572 2290 616 2339 est
632 2288 711 2339 tanto
728 2286 817 2337 acrius
835 2287 931 2352 urget3
988 2296 1011 2335 15

163 2360 281 2413 Nomina
298 2363 418 2414 sectatur
435 2361 516 2413 modo
533 2365 643 2430 sumpta
660 2365 737 2414 veste
754 2359 824 2413 virili

164 2434 221 2489 Sub
238 2435 362 2505 patribus
380 2435 456 2489 duris
474 2436 600 2490 tironum.
635 2436 762 2504 Maxime,
781 2435 843 2504 quis
860 2452 922 2503 non,

163 2510 308 2579 luppiter!
329 2511 463 2564 exclamat
481 2511 561 2564 simul
579 2515 662 2581 atque
680 2512 804 2566 audivit?
841 2512 882 2564 At
898 2512 927 2563 in
945 2528 975 2565 sc

164 2584 219 2639 Pro
236 2590 352 2655 quaestu
369 2590 507 2654 sumptum
523 2586 590 2640 facit
606 2588 657 2640 hic.
693 2586 749 2639 Vix
765 2587 879 2640 credere
897 2588 983 2654 possis

165 2660 252 2724 Quam
264 2662 316 2714 sibi
332 2678 387 2714 non
404 2662 441 2715 sit
457 2661 566 2729 amicus,
583 2662 623 2715 ita
639 2666 672 2716 ut
688 2666 768 2731 pater
784 2662 830 2716 ille
848 2663 959 2716 Terenti
985 2679 1008 2716 eo

165 2734 269 2794 Fabula
286 2752 367 2805 quem
384 2737 514 2790 miserum
531 2741 615 2804 gnato
630 2738 731 2790 vixisse
747 2738 841 2804 fugato

165 2810 276 2864 Inducit
293 2827 347 2863 non
365 2828 394 2865 se
411 2811 490 2880 pejus
508 2811 669 2866 cruciaverit
685 2816 769 2880 atque
786 2813 837 2865 hic.

165 2885 194 2940 Si
211 2886 272 2958 quis
289 2903 359 2941 nzrnc
376 2891 498 2955 quaerat,
518 2887 577 2950 Quo
594 2904 638 2942 res
655 2888 722 2941 haec
738 2888 880 2956 pertinet?
897 2886 977 2941 illue:

164 2961 238 3014 Dum
254 2962 341 3015 vitant
358 2963 435 3016 stulti
453 2963 520 3015 vitia
536 2962 565 3015 in
582 2964 717 3017 contraria
733 2966 855 3016 currunt.

163 3035 294 3091 Maltinus
311 3038 410 3090 tunicis
427 3037 551 3090 demissis
568 3037 707 3101 ambulat;
725 3038 833 3104 estqui
987 3051 1010 3090 15

165 3110 272 3178 Inguen
289 3112 325 3164 ad
342 3112 504 3165 obscoenum
522 3112 664 3165 subductis
681 3126 768 3178 usque
785 3111 905 3176 facetus;

166 3185 293 3239 Pastillos
310 3185 427 3239 Rufillus
443 3186 507 3254 olet,
525 3185 676 3253 Gargonius
693 3186 806 3239 hircum
