2275 3550
120 205 168 253 206
393 194 553 248 nonam
564 196 696 248 nusum

121 281 148 336 N
150 298 166 335 o
183 280 273 335 dicam
291 278 376 334 stulte
393 278 493 345 mirati,
511 270 535 331 si
552 279 635 332 modo
654 296 706 347 ego
722 282 753 334 et
769 291 819 336 vos

121 358 228 412 Scimus
245 354 409 408 inurbanum
426 351 519 423 lepido
537 371 669 423 seponere
687 354 763 408 dicto

119 432 344 500 Legitimumque
363 446 458 484 sonum
476 427 571 497 digitis
588 430 718 483 callemus
735 434 765 484 et
782 447 856 487 aure.

123 508 253 577 Ignotum
272 506 394 574 tragicae
411 517 498 574 genus
515 506 650 559 invenisse
669 506 805 560 Camenae
944 522 986 563 275

123 583 234 639 Dicitur
252 586 282 636 et
299 581 430 650 plaustris
447 581 554 635 vexisse
571 585 699 650 poemata
717 582 839 650 Thespis,

124 659 201 724 Quae
218 661 349 712 canerent
366 660 536 726 agerentque
553 657 680 726 peruncti
697 657 818 711 faecibus
836 674 893 713 ora

23 736 26 741 ’
125 734 192 789 Post
208 735 281 787 hunc
299 749 432 802 personae
449 733 593 802 pallaeque
610 736 737 802 repertor
755 734 886 787 honestae

126 809 276 878 Aeschylus
295 815 324 863 et
341 809 455 862 modicis
471 809 601 862 instravit
617 808 724 878 pulpita
740 809 826 877 tignis

125 886 163 940 Et
180 885 273 939 docuit
291 900 475 953 magnumque
491 884 567 952 loqui
585 884 692 953 nitique
709 884 848 938 cothurno.
944 899 984 937 aso

126 961 262 1015 Successit
278 964 358 1013 vetus
375 959 418 1013 his
435 959 583 1028 comoedia,
600 976 655 1013 non
673 959 732 1013 sine
748 960 836 1013 multa

126 1036 235 1102 Laude3
259 1035 311 1090 sed
328 1035 357 1088 in
374 1030 471 1089 vitium
488 1034 602 1089 libertas
619 1034 723 1089 excidit
740 1038 770 1089 et
786 1036 842 1088 vim

126 1113 244 1181 Dignam
262 1113 324 1180 lege
341 1112 417 1179 regi3
437 1112 483 1165 lex
499 1115 544 1165 est
560 1114 673 1179 accepta
690 1111 842 1180 chorusque

126 1188 254 1257 Tmpiter
272 1187 389 1241 obticuit
406 1187 514 1241 sublato
527 1186 592 1254 jure
609 1186 732 1242 nocendi

126 1263 175 1317 Nil
191 1264 360 1319 intentatum
378 1264 466 1317 nostri
483 1262 588 1330 liquere
605 1264 712 1328 poetae,
945 1274 983 1315 ass

126 1338 187 1393 Nec
204 1339 347 1392 minimum
364 1355 490 1392 meruere
508 1339 592 1391 decus
609 1337 725 1404 vestigia
743 1336 857 1391 Graeca¹

129 1414 199 1470 Ausi
218 1415 352 1476 deserere,
362 1417 393 1467 et
409 1413 550 1467 celebrare
568 1412 718 1466 domestica
734 1413 814 1479 iacta,

127 1488 181 1543 Vel
199 1490 246 1558 qui
263 1492 422 1559 praetextas
439 1489 483 1542 vel
501 1489 549 1556 qui
566 1488 684 1542 docuere
701 1492 816 1555 togatas.

127 1564 188 1619 Nec
205 1566 309 1618 virtute
327 1565 401 1618 foret
417 1564 531 1618 clarisve
547 1564 686 1633 potentius
703 1563 787 1617 armis

129 1640 218 1704 Quam
234 1640 328 1708 lingua
346 1639 463 1707 Latium,
482 1639 505 1693 si
522 1655 577 1692 non
594 1639 747 1693 offenderet
763 1656 848 1692 unum
943 1654 981 1693 mo

130 1716 272 1785 Quemque
290 1718 434 1786 poetarum
451 1714 532 1780 limae
550 1713 627 1768 labor
645 1719 674 1768 et
691 1730 775 1768 mora.
810 1714 876 1783 Vos,
893 1731 910 1767 o

129 1791 279 1861 Pompilius
297 1792 414 1861 sanguis,
431 1808 540 1846 carmen
557 1790 754 1858 reprehendite
772 1791 847 1860 quod
862 1805 917 1844 non
1001 1856 1005 1863 ⁸

130 1867 221 1922 Multa
238 1869 298 1922 dies
316 1872 346 1923 et
363 1869 450 1921 multa
466 1868 549 1922 litura
566 1866 687 1920 co'e'rcuit
704 1870 788 1934 atque

129 1942 286 1998 Perfectum
304 1943 395 1998 decies
411 1961 465 1998 non
482 1942 625 2011 castigavit
643 1941 680 1995 ad
696 1958 822 2010 unguem.

131 2019 276 2086 Ingenium
293 2020 394 2073 misera
411 2021 475 2088 quia
490 2019 656 2073 fortunatius
673 2021 735 2071 arte
945 2031 980 2072 29⁵

131 2093 229 2148 Credit
246 2099 276 2149 et
290 2095 411 2149 excludit
429 2111 508 2148 sanos
527 2093 659 2148 Helicone
677 2096 774 2159 poetas

130 2169 311 2238 Democritus,
329 2171 400 2225 bona
416 2187 481 2240 pars
497 2186 552 2223 nou
568 2184 675 2236 ungues
691 2184 793 2236 ponere
810 2171 895 2237 curat,

130 2245 157 2299 N
159 2261 193 2299 on
211 2245 333 2311 barbam,
351 2251 458 2299 secreta
473 2246 546 2313 petit
563 2244 629 2312 loca,
648 2243 748 2297 balnea
764 2244 841 2299 vitat

130 2321 157 2375 N
159 2321 310 2374 anciscetur
327 2322 400 2373 enim
417 2322 536 2387 pretium
553 2336 707 2388 nomenque
724 2323 829 2388 potitae,
930 2332 932 2335 ·
1024 2367 1027 2371 ,

131 2396 161 2451 Si
177 2396 267 2450 tribus
286 2396 427 2464 Anticyris
444 2400 525 2465 caput
542 2395 693 2448 insanabile
710 2411 847 2464 nunquam
945 2408 981 2449 eoo

131 2471 244 2526 Tonsori
262 2472 356 2525 Licino
373 2472 546 2525 commiserit.
582 2471 606 2524 0
625 2487 676 2539 ego
694 2471 794 2538 laevus,

131 2547 185 2612 Qui
201 2563 304 2614 purgor
321 2547 404 2601 bilem
422 2546 473 2600 sub
490 2547 567 2600 verni
586 2546 719 2615 temporis
736 2547 848 2602 horam!
881 2532 893 2553 ⁶

130 2621 157 2675 N
159 2638 194 2675 on
211 2622 280 2676 alius
297 2623 401 2676 faceret
419 2623 532 2676 meliora
549 2626 684 2690 poemata
720 2623 828 2676 Verum

131 2698 178 2752 Nil
195 2699 267 2751 tanti
284 2701 334 2752 est.
369 2697 444 2766 Ergo
460 2698 559 2765 fungar
577 2697 637 2751 vice
654 2698 730 2765 cotis,
749 2702 861 2751 acutum

131 2773 262 2828 Reddere
280 2789 351 2843 quae
367 2774 471 2831 ferrum
488 2774 562 2827 valet
579 2789 674 2826 exsors
691 2774 752 2841 ipsa
769 2773 896 2839 secandi;
946 2788 982 2829 sos

131 2849 232 2903 Munus
248 2854 277 2904 et
292 2849 408 2902 officium
422 2850 462 2903 nil
478 2849 599 2903 scribens
613 2849 673 2917 ipse
687 2849 799 2915 docebo,
1028 2841 1032 2848 ⁴

130 2925 213 2980 Unde
226 2930 360 2994 parentur
375 2941 447 2994 opes,
464 2926 532 2992 quid
547 2925 605 2978 alat
619 2926 773 2993 formetque
790 2927 919 2994 poetam3

131 2999 205 3062 Quid
219 3000 323 3075 deceat,
337 3000 406 3070 quid
420 3016 489 3065 non;
512 3016 566 3068 quo
585 3000 680 3063 virtus,
696 3016 750 3066 quo
765 3001 837 3052 ferat
853 3015 937 3055 error.

131 3074 274 3128 Scribendi
288 3080 365 3129 recte
381 3090 477 3143 sapere
492 3079 536 3127 est
551 3077 582 3127 et
598 3074 763 3141 principium
781 3080 810 3128 et
825 3075 901 3130 fons:

132 3143 202 3196 Item
217 3147 269 3200 tibi
286 3149 439 3202 Socraticae
457 3149 589 3216 poterunt
605 3147 752 3201 ostendere
768 3150 887 3214 chartae,
947 3164 981 3204 sro

131 3217 279 3288 Verbaque
295 3224 430 3290 provisam
449 3240 508 3275 rem
525 3238 580 3274 non
597 3222 683 3274 invita
701 3229 859 3291 sequentur.
