2275 3550
144 202 190 250 166
420 200 576 249 HORATII
594 200 723 248 FLAOCI

142 279 183 333 Tu
201 280 301 348 quotus
319 291 380 331 esse
398 278 466 333 velis
484 278 612 346 rescribe,
631 281 660 332 et
677 279 762 333 rebus
779 279 886 333 omissis
984 296 1020 336 eo·

143 353 225 409 Atria
242 357 395 408 servantem
414 354 519 422 postico
537 353 602 408 falle
619 350 756 409 clientem.

553 507 604 562 VI⁴

144 599 200 654 Nn
219 599 349 653 admirari
366 615 453 669 prope
471 616 518 654 res
536 603 580 653 est
596 617 658 670 una,
676 599 793 667 Numici,

145 675 262 742 Solaque
280 692 350 743 quac
367 675 454 742 possit
471 676 563 729 facere
581 678 611 729 et
628 690 740 728 servare
757 676 876 731 beatum.

146 749 227 803 Hunc
246 750 331 803 solem
349 749 378 804 et
396 751 489 804 stellas
506 754 536 804 et
555 749 718 804 decedentia
735 751 819 803 certis

145 824 279 894 Tempora
295 826 442 879 momentis
461 829 525 880 sunt
543 825 591 893 qui
609 824 754 878 formidine
772 825 847 879 nulla

146 898 250 954 Imbuti
268 905 405 969 spectent:
425 901 493 970 quid
509 917 605 955 censes
621 916 736 954 munera
752 904 852 968 terrae,
994 913 1012 955 ⁵

146 973 219 1039 Quid
235 973 317 1029 maris
335 979 475 1030 extremos
494 977 602 1030 Arabas
621 976 736 1030 ditantis
754 979 784 1030 et
803 976 896 1044 Indos,

145 1050 265 1105 ludicra
282 1052 357 1120 quid,
375 1052 486 1120 plausus
504 1057 534 1106 et
550 1052 630 1106 amici
649 1051 720 1105 dona
742 1049 863 1118 Quiritis,

146 1125 207 1190 Quo
228 1127 378 1196 spectanda
395 1123 483 1196 modo,
501 1144 556 1195 quo
574 1143 655 1181 sensu
673 1126 762 1180 credis
780 1129 809 1179 et
826 1124 894 1180 orei

147 1200 200 1268 Qui
217 1201 298 1257 timet
314 1199 359 1256 his
376 1203 492 1257 adversa
508 1203 568 1270 fere
586 1203 703 1256 miratur
720 1202 818 1255 eodem

146 1278 206 1343 Quo
223 1279 336 1347 cupiens
353 1283 448 1347 pact03
464 1295 549 1348 pavor
566 1283 609 1333 est
627 1278 774 1346 utrobique
790 1276 922 1331 molestus
982 1292 1005 1331 lo

146 1354 300 1423 Improvisa
318 1355 398 1407 simul
417 1355 522 1424 species
540 1356 665 1409 exterret
685 1356 840 1421 utmrnque.

145 1430 272 1485 Gaudeat
289 1446 324 1484 an
343 1430 442 1498 doleat,
461 1430 553 1498 cupiat
570 1432 721 1495 metuatne,
740 1428 808 1498 quid
825 1429 944 1497 adrem,

145 1504 175 1559 Si
194 1505 329 1574 quidquid
348 1506 419 1559 vidit
435 1506 535 1559 melius
552 1505 668 1575 pejusve
687 1522 736 1558 sua
754 1522 802 1574 spe

144 1579 250 1634 Defixis
268 1581 352 1635 oculis
369 1581 514 1650 animoque
531 1585 561 1635 et
577 1593 692 1651 corpore
709 1579 821 1649 torpeti

145 1656 238 1710 Insani
257 1657 365 1725 sapiens
382 1673 481 1711 nomen
498 1657 580 1724 ferat,
598 1673 703 1726 aequus
720 1656 816 1725 iniqui,
981 1671 1004 1710 15

146 1730 227 1786 Ultra
243 1748 326 1801 quam
343 1732 410 1787 satis
428 1737 471 1788 est
487 1733 619 1789 virtutem
635 1733 658 1787 si
676 1729 755 1803 petat
772 1733 865 1802 ipsam.

144 1807 159 1860 Ι
178 1824 257 1877 nunc,
274 1813 420 1877 argentum
438 1814 468 1864 et
485 1827 605 1864 marmor
621 1814 702 1864 vetus
719 1825 837 1877 aeraque
855 1811 884 1861 et
901 1809 976 1861 artes

144 1878 265 1954 Suspice,
283 1901 345 1939 cum
363 1887 478 1954 gemmis
496 1885 591 1955 'syrios
607 1885 708 1940 mirare
727 1885 845 1949 colores;

145 1960 241 2015 Gaude
260 1962 335 2031 quod
351 1965 478 2030 spectant
495 1963 565 2017 oculi
582 1965 612 2016 te
629 1961 703 2015 mille
721 1962 895 2029 loquentem;

144 2036 239 2091 Navus
255 2052 336 2091 mane
354 2038 444 2092 forum
460 2042 490 2092 et
507 2038 680 2107 vespertinus
697 2041 762 2105 pete
780 2041 893 2104 tectum,
978 2050 1002 2088 eo

144 2111 170 2165 N
172 2129 188 2166 e
204 2112 266 2180 plus
282 2112 415 2166 frumenti
434 2112 573 2167 dotalibus
590 2116 694 2167 emetat
711 2112 783 2180 agris

145 2186 241 2241 Mutus
259 2190 296 2254 et,
314 2187 456 2254 indignum
475 2188 550 2255 qnod
568 2188 612 2255 sit,
630 2187 772 2255 pejoribus
789 2189 867 2240 ortus

144 2262 199 2316 Hic
216 2260 267 2315 tibi
286 2261 322 2314 sit
339 2262 431 2329 potius
448 2278 531 2330 quam
547 2267 581 2315 tu
598 2262 732 2314 mirabilis
750 2262 796 2314 illi.

144 2335 286 2403 Quidquid
305 2336 357 2388 sub
374 2339 451 2389 terra
469 2339 512 2389 est
529 2337 558 2389 in
576 2336 698 2404 apricum
715 2336 838 2403 proferet
855 2339 950 2402 actae

143 2410 272 2465 Defodiet
290 2410 444 2478 condetque
461 2411 586 2466 nitentia
622 2410 695 2464 Gurn
709 2409 781 2463 bene
799 2413 896 2464 notum
951 2450 954 2455 -
975 2426 998 2466 as

143 2485 270 2540 Porticus
289 2487 431 2556 Agrippae
448 2489 478 2540 et
490 2487 540 2540 nia
556 2490 586 2540 to
603 2486 775 2554 conspexerit
793 2486 876 2555 Appi,

143 2561 190 2616 Ire
207 2565 301 2614 tamen
319 2564 407 2614 restat
425 2561 590 2631 Numaque
608 2561 720 2616 devenit
737 2564 767 2615 et
785 2562 887 2615 Ancus

142 2636 173 2691 Si
190 2635 263 2692 latus
281 2640 330 2690 aut
347 2638 541 2691 renesmorbo
560 2641 705 2692 tentantur
721 2641 803 2692 acuto

143 2711 252 2776 Quaere
268 2713 362 2780 fugam
380 2713 476 2767 morbi.
511 2713 562 2767 Vis
579 2716 655 2768 recte
673 2714 779 2769 vivere:
797 2713 859 2782 quis
875 2714 951 2766 noni

142 2787 172 2842 Si
189 2787 276 2842 virtus
293 2788 345 2841 hoc
362 2805 418 2843 una
434 2792 527 2857 potest
545 2790 620 2861 dare,
638 2790 718 2843 fortis
736 2789 843 2843 omissis
929 2789 932 2796 '
971 2803 994 2843 to

142 2862 204 2917 Hoc
221 2880 272 2933 age
289 2864 402 2921 deliciis.
438 2865 582 2921 Virtutem
597 2866 682 2923 verba
699 2870 781 2934 putas
797 2868 828 2918 et

142 2938 247 2994 Lucum
264 2940 352 3009 ligna:
371 2958 436 2996 cave
452 2959 488 2996 ne
504 2946 602 3012 portus
619 2946 734 3011 occupet
750 2942 828 3006 aiter,

141 3015 186 3070 Ne
204 3015 367 3087 Cibyratica,
385 3034 421 3071 ne
439 3017 560 3086 Bithyna
576 3019 687 3086 negotia
702 3018 817 3087 perdas3

141 3090 219 3145 Mille
236 3092 341 3146 talenta
358 3093 549 3161 rotundentnr,
567 3093 685 3148 totidem
702 3094 798 3159 altera,
816 3107 897 3161 porro
914 3092 944 3144 et

140 3164 234 3219 Tertia
251 3168 398 3222 succedant
415 3172 444 3223 et
462 3185 533 3236 quae
549 3185 614 3236 pars
631 3169 750 3239 quadrat
766 3182 901 3222 acervum.
967 3178 990 3219 ³5

140 3238 250 3296 Scilicet
266 3257 380 3297 uxorem
396 3261 457 3298 curu
475 3245 541 3299 dote
558 3244 698 3315 iidemque
715 3246 746 3298 et
761 3243 862 3296 amices
