2275 3550
398 216 654 267 EPISTULARUM
670 218 709 266 ΙΙ.
727 220 750 268 2.
961 220 1007 270 193

557 325 602 417 ir.

155 457 260 526 Fnonn,
277 458 350 512 bono
367 458 494 526 claroque
511 457 602 511 fidelis
620 459 706 511 amice
724 456 751 510 N
752 456 852 524 erebi,-

155 534 185 588 Si
202 533 264 603 quis
281 534 354 587 forte
372 534 439 587 velit
456 550 571 603 puerum
589 534 641 587 tibi
658 533 778 587 vendere
796 536 892 587 natum

155 610 256 663 Tibure
274 610 317 664 vel
336 610 437 679 Gabiis,
455 613 484 664 et
502 614 593 663 tecum
611 610 650 663 sio
667 613 744 677 agat:
763 609 839 662 “Hic
856 612 887 663 et

156 685 296 739 Candidus
314 689 344 740 et
360 686 465 740 talasa
480 687 582 740 vertice
599 685 713 755 pulcher
729 685 766 739 ad
782 686 852 739 imos

156 760 218 815 Fiet
236 761 344 830 eritque
361 765 425 816 tuus
442 779 615 815 nummorum
632 761 752 814 millibus
770 765 839 829 octo,
997 775 1009 829 ⁵.

155 835 248 890 Verna
265 837 422 891 ministeriis
439 836 476 890 ad
492 841 576 891 nutus
594 841 675 907 aptus
691 838 799 904 heriles,

155 911 299 966 Litterulis
318 913 429 967 Graecis
447 914 577 982 imbutus,
595 915 710 968 idoneus
728 913 783 967 arti

156 988 289 1056 Cuilibet3
307 990 404 1058 argilla
421 991 530 1060 quidvis
547 991 699 1045 imitaberis
716 990 787 1055 uda;

156 1065 227 1129 Quin
245 1067 328 1120 etiam
339 1071 426 1121 'canet
443 1067 584 1121 indoctum
601 1067 651 1120 sed
669 1066 749 1120 dulce
766 1063 885 1119 bibenti:

155 1140 245 1196 Multa
261 1142 345 1197 fidem
363 1144 497 1211 promissa
513 1144 614 1210 levant,
631 1141 679 1196 ubi
696 1142 802 1212 plenius
819 1157 908 1205 aequo
985 1154 1007 1193 ιο

130 1197 264 1271 ‘Laudat
280 1218 390 1272 venales,
407 1218 454 1286 qui
472 1218 531 1272 vult
548 1218 698 1271 extrudere
715 1234 827 1272 merces.

155 1291 213 1346 Res
230 1298 312 1361 urget
328 1310 372 1347 me
390 1294 479 1360 nulla3
495 1309 556 1347 meo
575 1310 635 1346 sum
652 1306 755 1362 pauper
772 1293 801 1346 in
818 1309 889 1348 aere.
912 1358 914 1362 ι

154 1367 243 1421 Nemo
261 1368 312 1423 hoc
328 1385 493 1437 mangonum
510 1371 613 1424 faceret
629 1369 696 1434 tibi;
713 1386 767 1422 non
784 1373 889 1423 temere
906 1386 923 1423 a
939 1385 985 1425 me

155 1443 248 1507 Quivis
266 1445 352 1498 ferret
369 1445 452 1499 idem.
487 1445 578 1499 Semel
595 1445 640 1498 hie
658 1446 774 1499 cessavit
791 1448 827 1512 et,
846 1449 878 1498 ut
895 1445 936 1513 fir,

155 1519 189 1571 ln
207 1520 286 1574 scalis
303 1521 385 1574 latuit
402 1525 527 1575 metuens
544 1521 689 1590 pendentis
706 1521 852 1575 habenae.'’
984 1536 1006 1574 15

154 1595 212 1649 Des
229 1612 360 1664 nummos,
379 1601 494 1665 excepta
510 1596 584 1650 nihil
596 1600 626 1650 to
644 1598 666 1649 si
684 1596 748 1665 fuga
766 1596 866 1664 laedat,

154 1670 206 1725 ille
223 1673 294 1726 ferat
310 1673 430 1741 pretium
447 1690 551 1741 poenae
569 1690 687 1746 securus,
705 1674 816 1743 opinor3

154 1746 280 1802 Prudens
297 1749 389 1802 emisti
406 1750 549 1815 vitiosum;
567 1749 642 1803 dicta
658 1749 711 1803 tibi
728 1753 771 1804 est
788 1749 847 1804 lex:

154 1823 312 1892 insequeris
329 1828 421 1877 tamen
438 1825 510 1878 hunc
528 1830 557 1877 et
575 1825 624 1878 lite
642 1826 757 1878 moraris
774 1826 884 1893 iniqua?

153 1897 219 1950 Dixi
235 1916 280 1953 me
296 1900 405 1967 pigrum
423 1900 605 1967 proficiscenti
623 1900 682 1966 tibi,
698 1892 758 1952 dixi
982 1913 1006 1952 ao

153 1973 262 2028 Talibus
280 1974 374 2028 officiis
392 1991 477 2043 prope
494 1991 627 2042 maneum,
645 1991 759 2028 nemea
777 1991 872 2028 saevus

152 2048 287 2117 «iurgares
304 2049 340 2103 ad
357 2053 386 2104 te
404 2050 479 2117 quod
496 2051 613 2119 epistola
629 2051 833 2122 nulla-rediret.

153 2125 227 2190 Quid
244 2129 305 2180 tum
322 2127 425 2195 profeci
443 2143 550 2181 mecum
567 2127 695 2181 facientia
707 2127 774 2195 jura
913 2191 923 2200 α

152 2201 183 2255 Si
201 2204 294 2256 tamen
312 2204 452 2257 attentasl
490 2202 619 2266 Quereris
636 2220 718 2271 super
735 2202 786 2256 hoc
803 2202 894 2270 etiam,
913 2201 988 2271 quod

152 2276 319 2346 Exspectata
336 2269 389 2332 tibi
406 2294 460 2331 non
477 2279 586 2332 mittam
604 2280 724 2332 carmina
741 2277 871 2333 mendax.
981 2292 1004 2331 ιι

152 2352 259 2408 Luculli
275 2355 354 2409 miles
371 2354 485 2409 collecta
502 2355 600 2408 viatica
617 2354 712 2409 multis

154 2431 309 2498 Aerumnis,
327 2430 416 2486 lassus
434 2431 500 2484 dum
517 2434 600 2485 noctu
618 2431 719 2497 stertit,
738 2429 775 2484 ad
792 2447 881 2483 assem

154 2504 333 2571 Perdiderat;
349 2511 412 2576 post
429 2506 480 2560 hoc
498 2506 643 2560 vehemens
660 2507 741 2574 lupus
758 2509 788 2560 et
805 2505 858 2560 sibi
875 2507 906 2560 et
922 2504 995 2560 hosti
1018 2518 1020 2521 ’

153 2580 247 2634 Iratus
264 2583 374 2650 pariter,
389 2581 494 2651 jejunis
511 2581 641 2635 dentibus
659 2598 728 2644 acer,
812 2646 816 2652 f

153 2657 325 2711 Praesidium
342 2658 435 2726 regale
452 2658 511 2712 loco
529 2658 640 2726 dejecit,
657 2662 689 2711 ut
706 2658 790 2724 aiunt,
982 2672 1005 2712 eo

154 2732 266 2786 Summe
282 2734 388 2787 munito
406 2737 436 2787 et
452 2733 601 2787 multarum
619 2733 705 2787 divite
723 2750 823 2789 rerum.

154 2808 250 2862 Clarus
268 2808 304 2862 ob
321 2808 351 2861 id
368 2809 470 2862 factum
489 2809 567 2861 donis
585 2813 698 2862 ornatur
715 2809 843 2877 honestis,

154 2884 264 2953 Accipit
282 2884 371 2938 et'bis
389 2884 461 2937 dena
479 2900 561 2952 super
579 2885 707 2938 sestertia
724 2901 871 2938 nummum.

153 2960 239 3013 Forte
257 2960 307 3013 sub
324 2959 375 3013 hoe
393 2963 501 3028 tempus
519 2961 660 3014 castellum
679 2965 802 3015 evertere
819 2961 931 3029 praetor

153 3035 253 3089 Nescio
271 3035 345 3105 quod
363 3036 474 3104 cupiens
491 3036 595 3090 hortari
613 3038 703 3105 coepit
720 3037 838 3090 eundem
982 3051 1004 3089 aa

153 3110 255 3165 Verbis
273 3129 342 3180 quae
361 3111 457 3166 timido
476 3130 584 3182 quoquo
601 3117 713 3182 possent
730 3112 831 3165 addere
849 3113 982 3164 mentem:

153 3186 197 3255 “I,
214 3185 292 3256 bone,
311 3205 365 3257 quo
383 3188 471 3242 virtus
488 3193 538 3242 tua
555 3193 584 3243 te
601 3192 686 3252 vocnt,
704 3188 714 3241 i
731 3188 802 3257 pede
820 3189 916 3254 fausto,

154 3261 275 3318 Grandia
292 3263 398 3319 laturus
415 3265 577 3319 meritomm
595 3264 723 3333 praemia.
759 3263 832 3329 Quid
850 3261 943 3318 stas'l”
