2275 3550
401 165 556 214 HORATII
573 164 704 214 FLAooI

265 246 394 314 Virgines
411 248 521 312 nuptae,
539 248 588 299 tua
605 261 640 300 ne
657 244 782 301 retardet

300 323 378 376 Aura
395 321 515 376 maritos.
604 397 606 401 y

266 549 328 603 Non
346 554 453 617 semper
470 547 573 602 imbres
589 548 708 602 nubibus
724 548 845 617 hispidos

266 623 381 678 Manant
397 624 426 677 in
443 640 523 692 agros
540 627 590 678 aut
606 640 682 678 mare
700 624 828 691 Caspium
857 653 862 658 ·

300 698 411 754 Vexant
427 699 585 769 inaequales
601 700 735 767 procellae

334 774 437 843 Usque,
454 791 505 829 neo
523 775 662 828 Armeniis
678 776 707 828 in
724 775 785 845 oris,

267 851 364 905 Amice
381 851 471 919 Valgi,
487 854 551 913 stat
563 850 663 918 glacies
680 851 754 904 iners

266 926 376 987 Menses
392 944 442 996 per
459 943 553 980 omnes
569 929 619 980 aut
637 924 820 995 Aquilonibus

252 1044 255 1049 Δ
301 1001 436 1067 Querceta
453 1001 574 1069 Gargani
590 1000 716 1055 laborant

335 1077 373 1132 Et
389 1078 461 1131 foliis
477 1077 626 1131 viduantur
643 1077 718 1131 orni:

265 1153 308 1207 Tu
325 1169 433 1223 semper
449 1170 532 1221 urges
548 1153 685 1206 flebilibus
702 1151 790 1206 modis

192 1276 198 1286 .
266 1229 376 1298 Mysten
393 1230 559 1298 ademptum,
578 1245 629 1283 neo
645 1228 698 1284 tibi
716 1229 839 1298 Vespero

300 1305 437 1374 Surgente
454 1305 592 1360 decedunt
608 1321 715 1358 amores

334 1381 361 1435 N
363 1398 394 1435 eo
411 1380 537 1449 rapidum
554 1380 677 1448 fugiente
694 1380 791 1435 Solem

267 1455 309 1510 At
324 1472 379 1510 non
396 1459 440 1510 ter
457 1471 524 1510 aevo
541 1456 651 1509 functus
668 1454 811 1509 amabilem

267 1530 388 1586 Ploravit
405 1546 498 1585 omnes
516 1529 693 1584 Antilochum
711 1545 795 1583 senex,

301 1606 404 1673 Annos,
419 1621 471 1659 neo
487 1603 626 1673 impubem
643 1608 772 1673 parentes

334 1678 445 1732 Troilon
461 1682 510 1733 aut
528 1677 662 1747 lffhrygiae
679 1695 785 1733 sorores
817 1689 821 1695 '

266 1753 381 1810 Flevere
397 1770 512 1824 semper.
547 1753 649 1810 Desine
666 1754 788 1809 mollium

266 1830 395 1884 Tandem.
406 1831 587 1900 querelarum,
604 1834 635 1885 et
651 1829 742 1900 potius
759 1847 829 1886 nova

301 1906 449 1960 Cantemus
467 1905 587 1974 Augusti
604 1912 718 1975 tropaea

336 1981 459 2037 Caesaris
476 1985 506 2036 et
522 1981 642 2050 rigidum
660 1983 809 2052 Niphaten,

267 2057 434 2127 Medumque
451 2057 551 2112 flumen
568 2058 697 2126 gentibus
714 2057 839 2112 additum

266 2131 355 2187 Victis
371 2133 490 2186 minores
507 2132 617 2186 volvere
632 2134 755 2200 vertices,

301 2207 434 2275 Intraque
450 2207 647 2274 praescriptum
666 2208 783 2262 Gelonos

335 2281 448 2349 llxiguis
465 2280 590 2348 equitare
606 2281 714 2349 eampis

535 2421 571 2478 X.

267 2508 387 2562 Rnerrus
403 2506 485 2574 vives,
504 2505 598 2574 Licini,
615 2521 704 2574 neque
722 2504 808 2559 altum

266 2583 381 2659 Semper
397 2582 521 2651 urgendo
537 2597 634 2650 neque,
653 2580 719 2633 dum
736 2580 866 2649 procellas

266 2659 372 2714 (lautus
388 2658 529 2727 horrescis,
544 2657 659 2711 nimium
676 2656 826 2726 premendo
866 2661 869 2665 ’

301 2733 379 2789 Litus
395 2734 526 2802 iniquum

267 2812 388 2864 Auream
406 2809 529 2878 quisquis
546 2806 762 2862 mediocritatem

266 2885 365 2956 Diligit
381 2889 459 2940 tutus
476 2888 552 2939 earet
569 2884 684 2938 obsoleti

265 2961 398 3017 Sordibus
414 2960 489 3029 tecti,
506 2964 583 3015 earet
599 2959 746 3015 invidenda

300 3037 414 3093 Sobrius
431 3036 499 3089 aula

266 3112 381 3182 Saepius
398 3113 487 3167 ventis
504 3111 626 3186 agitatur
642 3110 739 3180 ingens

268 3186 352 3243 Pinus
369 3192 399 3243 et
416 3187 505 3242 celsae
522 3186 647 3256 graviore
663 3202 728 3241 casu
