2275 3550
368 174 574 225 OARMINUM
591 173 644 221 ΙΙΙ,
666 175 701 229 12,
725 173 761 230 13,
782 173 818 219 14.
983 172 1014 218 55

305 255 403 309 Omine
421 259 451 309 et
468 255 554 308 nostri
573 269 722 307 memorem
739 251 864 322 sepulcro

339 331 435 400 Scalpc
453 329 614 400 querelam.”

556 465 625 523 XII.

167 549 343 606 Misnunuuu
361 551 406 602 est
422 565 512 616 neque
530 549 616 601 amori
634 548 701 602 dare
718 546 814 602 ludum
829 560 920 619 neque
937 542 1010 598 dulei

167 625 243 680 Mala
259 625 322 679 vino
339 624 439 691 lavere,
457 630 506 678 aut
524 624 674 677 exanimari
692 626 845 677 metuentes

192 700 321 754 vPatruae
338 700 453 766 verbera
469 700 585 767 linguae.

168 775 229 829 Tibi
246 777 356 845 qualum
375 775 526 843 Cythereae
542 790 612 842 puer
628 774 692 842 ales,
709 773 760 826 tibi
777 773 849 827 telas

168 849 359 920 Operosaeque
376 850 519 904 Minervae
536 849 658 904 studium
675 849 773 919 aufert,
791 849 817 901 N
819 847 924 914 eubule,
1006 861 1019 901 5

203 925 329 994 Liparaei
345 926 419 980 nitor
436 926 532 993 Hebri,

168 1001 253 1055 Sitnul
270 1006 366 1056 unctos
384 1002 518 1056 Tiberinis
535 1001 662 1055 humeros
679 1000 771 1054 lavit
763 1017 792 1052 m
808 998 898 1066 nudie,

168 1075 285 1147 Eques
277 1092 336 1145 1peo
354 1077 450 1130 melior
467 1062 686 1144 Bellerophonte,
704 1092 794 1143 neque
810 1089 901 1142 pugno

202 1152 301 1221 Neque
318 1153 405 1218 segni
412 1151 483 1220 pede
500 1151 604 1215 victus3

169 1228 254 1290 (latus
271 1226 344 1280 idem
361 1243 412 1295 per
429 1230 508 1293 apert
508 1243 555 1279 um
573 1225 710 1292 fugientes
727 1225 832 1292 agitato
993 1237 1017 1278 ro

168 1303 260 1370 Grege
277 1317 371 1355 cervos
384 1301 500 1368 jaculari
518 1304 548 1354 et
564 1301 637 1365 celer
654 1301 711 1355 alto
728 1300 884 1353 latitantem

202 1377 344 1431 Fruticeto
362 1375 488 1445 excipere
505 1392 611 1445 aprum.

550 1510 636 1566 XIII.

306 1597 330 1650 Ο
349 1610 416 1650 rous
435 1595 596 1660 Bandusiae,
614 1594 782 1664 splendidior
799 1595 879 1664 vitro,

306 1671 487 1738 Dulcidigne
505 1686 582 1724 mero
598 1687 652 1723 non
670 1672 728 1724 sine
746 1670 865 1738 floribus,

341 1747 409 1801 Ores
426 1744 569 1800 donaberis
586 1746 674 1799 haedo

340 1825 346 1829 ’
376 1821 428 1875 (lui
444 1822 520 1874 frons
536 1822 649 1887 turgida
665 1819 792 1873 cornibus

307 1895 408 1950 Primis
425 1899 455 1949 et
471 1912 599 1949 venerem
617 1900 646 1949 et
662 1896 766 1963 proelia
784 1894 913 1964 destinat,
1005 1928 1019 1968 5

308 1971 437 2025 Frustra:
455 1986 519 2023 nam
536 1970 642 2037 gelidos
660 1970 762 2023 inficiet
778 1969 831 2023 tibi

343 2046 437 2100 Rubro
455 2044 587 2112 sanguine
603 2045 676 2097 rivos

378 2121 485 2174 lasciui
502 2120 610 2173 suboles
626 2119 724 2188 gregis

309 2197 348 2252 'Ie
365 2195 505 2264 flagrantis
523 2198 602 2249 atrox
619 2195 687 2249 hora
705 2194 849 2250 Caniculae

308 2273 406 2330 Nescit
422 2275 543 2339 tangere,
562 2274 593 2325 tu
611 2271 697 2339 frigus
714 2271 831 2326 amabile
1000 2287 1021 2326 ro

343 2348 434 2405 Fossis
452 2362 561 2401 vomere
578 2347 665 2400 tauris
1008 2385 1009 2388 ,

378 2423 499 2479 Praebeo
514 2426 543 2477 et
560 2422 651 2492 pecori
669 2437 745 2489 rago.

309 2500 372 2554 Fies
389 2500 519 2554 nobilium
536 2503 569 2553 tu
587 2514 696 2567 quoque
712 2496 837 2564 fontium,

308 2576 357 2630 Me
374 2575 482 2629 dicente
499 2575 572 2627 cavis
589 2573 745 2642 impositam
762 2572 853 2625 ilicem

343 2651 428 2714 Saxis,
445 2648 519 2703 unde
536 2648 662 2717 loquaces
999 2659 1023 2700 1⁵

378 2723 517 2792 Lymphae
535 2723 664 2778 desiliunt
681 2728 753 2778 tuae.

550 2848 639 2923 'xru

310 2951 457 3006 Hnacoms
473 2950 531 3006 ritu
547 2951 630 3005 modo
648 2949 745 3017 dictus,
763 2966 780 3003 o
798 2947 883 3017 plebs,

313 3026 405 3081 Morte
422 3027 546 3080 venalem
562 3026 677 3098 petiisse
693 3025 800 3078 laurum

312 3101 413 3156 Caesar
430 3102 554 3170 Hispana
570 3101 674 3170 repetit
690 3102 805 3168 penates

346 3175 443 3229 Victor
459 3175 495 3229 ab
512 3192 567 3230 ora
