2275 3550
113 194 142 243 12

392 195 547 245 HORATII
565 195 695 246 FLACOI

221 278 324 332 Hastas
342 281 372 328 et
389 274 486 328 calami
504 275 608 344 spicula
626 276 717 329 Cnosii

222 346 331 405 Vitabis
349 351 552 418 strepitumque
571 354 601 404 et
618 352 736 405 celerem
754 352 830 421 sequi

223 426 355 495 Ajacem3
373 426 539 479 tamenheu
558 442 636 492 serus
653 427 793 481 adulteros

256 502 353 556 Crines
371 501 483 568 pulvere
502 502 622 555 collines.
945 518 970 556 aa

222 577 285 631 Non
304 577 469 630 Laertiaden
488 578 604 631 exitium
621 582 687 632 tuae

221 653 313 719 Genti,
331 669 385 705 non
404 652 511 720 Pylium
529 653 650 706 Nestora
666 655 798 721 respiciat

221 728 331 796 Urgent
347 727 479 796 impavidi
496 731 526 781 tc
544 728 707 782 Salaminius

256 805 361 858 Teucer
378 807 407 857 et
425 803 573 858 Sthenelus
591 805 680 858 sciens

222 878 342 947 Pugnae,
361 879 418 932 sive
436 895 504 948 opus
522 884 565 932 est
583 879 742 948 imperitare
759 882 837 949 equis

222 954 248 1007 N
251 972 285 1007 on
303 954 398 1021 auriga
414 954 509 1022 piger3
527 954 672 1008 Merionen
691 971 799 1024 quoque

222 1030 334 1084 Nosces.
369 1030 440 1082 Ecce
457 1029 525 1082 furit
542 1033 573 1083 te
590 1030 713 1099 reperire
731 1034 810 1085 atrox

258 1106 378 1175 Tydides
395 1106 492 1159 melior
508 1108 596 1174 patre,

223 1181 312 1245 Quem
329 1185 362 1236 tu
379 1197 476 1235 cervus
493 1181 535 1235 uti
552 1181 630 1235 vallis
646 1181 676 1235 in
694 1182 780 1237 altera

223 1256 322 1310 Visum
339 1261 420 1325 parte
437 1257 531 1324 lupum
548 1257 681 1324 graminis
697 1258 838 1312 immemor
933 1274 937 1283 ·

168 1351 172 1359 ·
222 1333 338 1388 Sublimi
355 1333 445 1400 fugies
461 1332 551 1386 mollis
569 1334 700 1401 anhelitu

257 1409 284 1462 N
286 1425 321 1462 on
340 1408 390 1462 hoc
407 1408 544 1476 pollicitus
561 1412 634 1463 tuae.

224 1482 360 1538 Iracunda
378 1484 451 1536 diem
468 1484 592 1551 proferet
612 1485 663 1537 llio

223 1558 413 1627 Matronisque
433 1559 573 1627 Phrygum
590 1560 683 1613 classis
702 1560 838 1626 Achillei;

224 1635 291 1691 Post
308 1638 398 1689 certas
415 1635 520 1689 hiemes
537 1640 602 1690 uret
621 1637 758 1691 Achaicus

259 1711 336 1782 Ignis
355 1711 454 1766 Iliacas
471 1711 574 1765 domos.

224 1933 249 1988 0
267 1950 365 1987 aaran
383 1934 496 2004 pulchra
513 1935 730 2004 filia‘pulchricr,

223 2009 312 2075 Quem
330 2010 481 2064 criminosis
499 2028 608 2081 cunque
625 2012 699 2066 voles
716 2012 828 2068 modum

260 2085 349 2140 Pones
365 2087 474 2152 iambis,
493 2088 550 2140 sive
568 2088 678 2141 flamma

293 2162 357 2216 Sive
374 2164 442 2215 mari
460 2162 529 2216 libet
547 2162 695 2217 Hadriana

223 2237 287 2291 Non
305 2237 486 2306 Dindymene,
504 2253 558 2290 non
577 2238 667 2305 adytis
684 2241 776 2305 quatit

224 2313 347 2368 Mentem
365 2312 539 2366 sacerdotum
557 2313 646 2366 incola
664 2313 786 2381 Pythius,

257 2389 320 2443 Non
338 2388 533 2457 Liberaeque,
551 2405 605 2441 non
623 2393 703 2442 acuta

292 2464 338 2518 Sic
354 2464 495 2531 geminant
514 2463 683 2532 Corybantes
700 2480 765 2518 aera

222 2538 327 2593 Tristes
343 2544 376 2594 ut
392 2540 457 2605 irae,
476 2555 544 2607 quas
561 2556 652 2609 neque
670 2540 786 2594 Noricus

223 2614 356 2668 Deterret
373 2616 446 2669 ensis
462 2632 514 2669 nec
530 2632 607 2669 mare
624 2615 785 2684 naufragum

258 2690 316 2744 Nec
333 2707 430 2744 saevus
446 2691 519 2759 ignis
536 2708 587 2745 nec
604 2691 749 2746 tremendo

291 2766 421 2834 luppiter
438 2766 497 2835 ipsc
514 2784 599 2821 ruens
615 2769 743 2822 tumultu.

223 2840 323 2895 Fertur
341 2842 527 2910 Prometheus,
545 2845 649 2898 addere
666 2842 781 2915 principi

222 2915 301 2970 Limo
317 2923 426 2972 coactus
443 2920 604 2987 particulam
621 2921 743 2991 undique

257 2991 410 3060 Desectam,
428 2999 457 3048 et
474 2995 560 3048 insani
578 2996 664 3050 lconis
949 3010 969 3047 ¹⁵

290 3067 356 3122 Vim
373 3071 512 3125 stomacho
529 3073 687 3142 apposuisse
703 3078 796 3139 nostro

223 3141 286 3196 Irae
303 3143 439 3212 Thyesten
457 3148 542 3202 exitio
558 3150 636 3216 gravi

221 3216 357 3287 stravere,
376 3226 406 3275 et
423 3222 487 3276 altis
503 3223 618 3278 urbibus
635 3225 748 3282 ultimae
