2275 3550
400 206 698 258 nrrssonnanmr„
719 210 756 259 ro.
945 207 1001 282 ιιι

150 361 197 416 Nn
213 361 383 433 perconteris
400 363 501 418 fundus
518 295 617 431 nrxerxrbI
622 365 726 433 optime
744 365 846 434 Quinti,

151 438 228 491 Arvo
245 442 339 507 pascat
355 437 453 493 herum
471 457 506 494 an
523 441 613 495 baccis
631 442 772 510 opulentet
790 441 884 511 olivae,

152 513 280 568 Pomisne
298 518 327 568 et
344 515 431 583 pratis
449 533 484 569 an
500 517 601 571 amicta
618 517 720 571 vitibus
737 517 818 585 ulmo,

151 587 294 643 Scribetur
311 590 362 643 tibi
380 592 470 645 forma
486 592 638 661 loquaciter
655 595 684 646 et
702 592 773 646 situs
790 591 856 661 agri.

151 664 279 719 Continui
296 670 404 721 montes
421 667 450 720 ni
467 667 649 722 dissocientur
666 684 751 737 opaca
992 681 1005 722 s

151 739 239 807 Vallo,
256 741 309 795 sed
325 746 359 796 ut
375 743 487 797 veniens
506 743 635 797 dextrum
654 744 726 797 latus
743 743 877 813 adspiciat
895 741 949 809 Sol,

151 814 274 870 Laevum
292 816 435 872 discedens
453 835 535 872 curru
551 819 675 907 fugiente
692 823 813 888 vaporet.

152 889 322 960 Temperiem
340 893 442 948 laudes.
478 894 559 962 Quid,
578 895 601 948 si
618 895 771 950 rubicunda
787 893 900 963 benigni

152 965 242 1019 (torna
260 984 357 1036 vepres
375 973 405 1023 et
422 986 509 1038 pruna
526 959 624 1039 ierant,
643 971 666 1023 si
685 987 801 1040 quercus
818 974 848 1025 et
864 970 920 1024 ilex

151 1039 244 1095 Multa
260 1043 341 1112 fruge
357 1061 441 1113 pecus
458 1046 545 1100 multa
562 1046 704 1099 dominum
717 1047 798 1114 juvet
815 1041 952 1113 umbra,
982 1058 1006 1098 ro

152 1115 238 1170 Dicas
256 1119 406 1174 adductum
423 1121 535 1189 propius
552 1122 681 1175 frondere
700 1122 855 1175 Tarentum.
955 1129 957 1131 ’

153 1190 229 1246 Fons
247 1194 330 1247 etiarn
347 1195 406 1248 rivo
422 1195 489 1249 dare
506 1212 606 1250 nomen
622 1197 745 1264 idoneus,
762 1200 795 1250 ut
811 1211 863 1249 nec

154 1266 294 1335 Frigidior
311 1268 443 1323 Thracam
459 1285 511 1324 nec
526 1272 621 1340 purior
637 1271 741 1326 ambiat
759 1271 880 1340 Hebrus,

154 1343 271 1398 Infirmo
288 1345 371 1414 capiti
388 1346 450 1400 fluit
467 1346 550 1415 utilis,
567 1347 644 1400 utilis
661 1348 729 1401 alvo.

155 1419 219 1476 Hae
236 1420 358 1475 latebrae
377 1422 478 1486 dulces,
496 1422 580 1475 etism
598 1423 621 1475 si
638 1422 729 1477 credis
746 1438 882 1491 amoenae,
982 1436 1004 1476 rs

155 1496 324 1550 Incolnmem
341 1496 393 1550 tibi
411 1513 456 1550 me
473 1500 615 1565 praestant
633 1498 842 1567 Septembribus
859 1497 940 1551 horis

154 1571 197 1626 Tu
213 1575 289 1627 recte
305 1571 373 1625 vivis
391 1572 414 1625 si
431 1589 510 1625 curas
528 1589 589 1626 esse
606 1574 680 1642 quod
697 1574 784 1628 audis.

154 1647 298 1702 «iactamus
310 1646 477 1716 jampridem
495 1649 583 1701 omnis
598 1652 628 1703 te
647 1649 734 1703 Roma
751 1649 877 1715 beatum3

155 1723 212 1778 Sed
228 1739 325 1778 vereor
341 1739 377 1778 ns
395 1723 439 1777 cui
456 1722 493 1777 de
510 1727 540 1778 te
556 1725 619 1794 plns
636 1742 719 1795 quarn
737 1725 788 1780 tibi
806 1726 909 1793 credas,

155 1798 182 1852 N
184 1816 233 1854 eve
249 1802 331 1869 putes
348 1798 432 1852 aliurn
449 1800 573 1868 sapiente
589 1800 716 1870 bonoque
734 1801 854 1870 beatum,
975 1826 1001 1865 ῃ

155 1874 182 1928 N
184 1892 219 1929 eu
236 1876 259 1928 si
277 1879 306 1929 te
324 1874 441 1943 populus
459 1891 556 1928 sanum
573 1880 704 1945 recteque
720 1877 855 1930 valentem

156 1950 272 2005 Dictitot
289 1950 423 2003 occultam
440 1948 546 2003 febrem
563 1950 616 2003 sub
632 1955 742 2020 tempus
759 1950 861 2005 edendi

156 2025 325 2093 Dissimules,
344 2025 430 2079 donee
447 2025 573 2079 manibus
590 2029 693 2080 tremor
710 2027 814 2081 incidat
831 2026 927 2080 unctis.

156 2102 307 2157 Stultorum
324 2103 449 2156 incurata
465 2102 555 2171 pudor
573 2103 661 2157 malus
677 2103 770 2157 ulcero
786 2103 864 2158 celat.

156 2176 186 2230 si
204 2178 264 2246 quis
282 2177 355 2233 bella
371 2177 423 2232 tibi
440 2182 516 2232 terra
532 2182 655 2247 pugnata
671 2179 795 2247 marique
982 2190 1007 2230 at

156 2251 238 2306 Dicat
255 2257 285 2308 et
301 2253 345 2308 his
361 2253 452 2307 verbis
469 2269 569 2308 vacuas
586 2255 754 2323 permulceat
771 2270 863 2308 aures:

156 2327 249 2383 “Tene
266 2330 352 2398 magis
370 2329 474 2383 salvum
491 2329 608 2398 populus
625 2330 693 2385 velit
711 2348 745 2384 an
762 2330 893 2400 populum
911 2331 944 2383 tu

156 2404 253 2459 derret
270 2405 299 2457 in
316 2403 442 2473 ambiguo
460 2405 508 2475 qui
525 2405 642 2459 consulit
659 2410 688 2460 et
706 2405 758 2460 tibi
775 2410 805 2459 et
821 2404 883 2458 urbi

156 2479 320 2550 Juppiter;’'
341 2480 461 2548 Augusti
478 2480 575 2535 laudes
592 2497 741 2549 agnoscere
758 2481 859 2551 possis:

156 2557 226 2612 Cum
243 2555 347 2625 pateris
364 2556 473 2625 sapiens
491 2556 707 2627 emendatusque
724 2557 822 2626 vocari,
987 2580 1012 2619 ιο

155 2632 351 2702 Respondesne
368 2634 416 2685 tuo
434 2631 478 2685 dic
496 2632 577 2685 sodes
594 2633 719 2688 nominet
754 2633 862 2702 Nempe

155 2707 208 2762 Vir
224 2707 312 2761 bonus
331 2710 362 2761 et
378 2707 499 2776 prudens
517 2707 572 2760 dici
590 2707 714 2762 delector
731 2726 782 2777 ego
800 2726 831 2763 ac
848 2712 887 2762 tn.

155 2782 209 2846 Qui
227 2783 306 2837 dedit
323 2781 375 2835 hoc
392 2781 475 2835 hodie
493 2799 553 2836 cras
572 2784 595 2836 si
613 2784 686 2838 volet
704 2786 818 2852 auferet,
835 2787 868 2838 ut
885 2783 909 2837 si

154 2855 295 2912 Detulerit
312 2857 400 2911 fasces
417 2856 529 2925 indigno
548 2857 676 2912 detrahet
693 2858 775 2914 idem.

154 2932 259 3002 “Pone,
276 2948 368 2987 meum
386 2933 462 2987 est:''
478 2933 576 3001 inquit.
612 2934 688 2988 Pono
705 2934 847 3003 tristisque
865 2932 972 2988 recedo.
983 2949 1007 2991 ss

155 3008 236 3063 Idem
255 3009 278 3063 si
295 3009 396 3063 clamet
412 3008 508 3076 turem,
525 3012 610 3076 negot
627 3025 687 3063 esse
704 3009 842 3078 pudicum,

156 3084 312 3140 Contendat
329 3085 428 3154 laqueo
445 3084 543 3139 collum
560 3085 693 3153 pressisse
710 3088 869 3153 patsmnm3

155 3161 286 3217 Mordear
303 3159 456 3231 opprobriis
473 3159 549 3214 falsis
566 3165 726 3229 mutemque
743 3160 862 3215 colores?

156 3235 253 3292 Falsus
270 3237 357 3292 honor
370 3235 452 3305 juvat
469 3239 499 3290 et
516 3235 635 3290 mendax
652 3235 764 3289 infamia
781 3238 869 3290 terret
987 3254 1009 3293 as
