2275 3550
443 215 445 219 ·
464 221 679 272 armannum
696 223 735 271 Π.
754 223 776 273 7.
968 194 1026 269 155¹

165 298 235 354 Cum
251 304 281 355 te
297 299 427 355 formidet
442 301 540 354 mulier
556 317 647 370 neque
667 301 762 356 credat
778 302 887 369 amanti,
991 314 1015 354 aa

164 374 224 428 Ibis
242 375 293 428 sub
308 375 413 428 furcam
430 376 551 444 prudens
567 376 732 445 dominoque
749 376 852 431 furenti

163 450 325 505 Committes
337 468 396 504 rem
408 468 515 505 omnem
529 455 560 506 et
568 453 653 505 vitam
667 456 696 506 et
708 469 769 505 cum
782 467 894 520 corpore
905 450 1013 505 famam.

162 524 265 594 Evasti,
283 526 366 579 credo
384 530 492 580 metues
511 527 666 596 doctusque
687 527 807 581 cavebis:

162 600 285 671 Quaeres
302 601 412 670 quando
430 603 533 655 iterum
551 619 653 671 paveas
670 603 825 671 iterumque
841 602 933 671 perire

162 676 261 743 Possis,
280 693 296 731 o
313 678 397 732 toties
414 682 523 731 servus!
545 677 621 742 Quae
639 678 730 732 bellua
746 678 842 746 ruptis,
989 694 1013 734 ro

161 750 231 805 Cum
249 753 333 806 semel
352 752 455 822 effugit,
472 753 567 807 reddit
587 770 616 808 se
634 769 718 822 prava
734 754 854 808 catenis?

161 825 187 879 N
189 843 224 879 on
236 844 296 880 sum
307 828 443 896 moechus,
455 829 502 882 ais.
538 830 636 898 Neque
648 846 700 897 ogo
711 829 821 883 hercule
832 828 877 882 fur
888 826 936 882 ubi
947 844 1013 882 vasa

161 900 308 956 Praetereo
327 904 434 972 sapiens
452 908 598 972 argentea:
616 904 683 959 tolle
700 905 838 973 periclum,

160 975 180 1029 J
181 993 225 1030 am
243 993 312 1046 vaga
328 979 452 1047 prosiliet
467 980 552 1033 frenis
569 983 669 1033 natura
686 981 805 1035 remotis.
817 930 899 1027 s

117 1069 143 1109 r
159 1051 236 1106 Tune
253 1053 321 1106 mibi
339 1052 472 1122 dominus,
490 1071 583 1109 rerum
600 1056 722 1124 imperiis
739 1055 933 1124 hominumque
987 1070 1011 1110 τε

159 1126 212 1181 Tot
229 1128 368 1197 tantisque
386 1130 482 1196 minor,
501 1146 584 1198 quem
601 1133 647 1183 ter
663 1130 785 1184 vindicta
801 1135 953 1199 quaterque

160 1201 293 1270 Imposita
311 1202 386 1256 haud
402 1220 523 1272 unquam
540 1205 641 1258 misera
658 1205 804 1258 formidine
821 1205 928 1273 privet?

159 1277 244 1331 Addo
261 1293 343 1345 super
361 1277 442 1331 dictis
459 1278 535 1347 quod
550 1296 604 1333 non
622 1279 709 1334 levius
726 1280 830 1334 valeat:
848 1296 911 1333 nam

159 1351 223 1406 Sive
241 1352 357 1406 vicerim
375 1356 419 1406 est
440 1354 488 1422 qui
506 1370 584 1408 servo
602 1359 689 1423 paret,
707 1357 749 1409 uti
767 1371 825 1409 mos

158 1425 261 1481 Vester
272 1428 319 1494 ait,
332 1444 381 1482 seu
392 1444 553 1494 conservus3
570 1429 623 1483 tibi
635 1430 703 1498 quid
714 1446 772 1483 sum
786 1431 854 1498 egoi
885 1430 992 1498 Nempe

61 1520 66 1525 ·
158 1501 200 1556 Tu
217 1502 283 1556 mihi
301 1503 348 1572 qui
366 1503 508 1572 imperitas
526 1504 573 1558 alii
592 1505 678 1559 servis
696 1506 780 1560 miser
799 1511 883 1574 atque
985 1520 1008 1558 ar

157 1577 273 1633 Duceris
290 1581 323 1633 ut
340 1580 431 1635 nervis
448 1579 546 1634 alienis
563 1580 664 1635 mobile
680 1581 792 1649 lignum.

158 1652 288 1717 Quisnam
305 1654 391 1723 igitur
408 1654 498 1709 libert
534 1655 649 1725 Sapiens
667 1656 720 1709 sibi
737 1657 785 1725 qui
802 1656 972 1725 imperiosus,

158 1728 245 1794 Quem
253 1746 343 1798 neque
349 1732 494 1800 pauperies
503 1747 593 1800 neque
602 1747 675 1786 mors
684 1748 773 1801 neque
781 1731 888 1786 vincula
895 1733 1009 1797 terrent,

157 1803 329 1873 Responsare
346 1806 527 1874 cupidinibus,
545 1811 720 1860 contemnere
738 1808 853 1860 honores
985 1821 1009 1859 ss

157 1878 257 1947 Fortis,
274 1884 304 1933 et
320 1880 350 1932 in
368 1896 398 1933 se
414 1880 474 1948 ipso
490 1884 574 1947 totus,
592 1884 673 1947 terea,
692 1885 775 1948 atque
792 1879 933 1947 rotundus,

157 1953 273 2008 Externi
291 1971 326 2009 ne
344 1954 412 2022 quid
429 1954 520 2008 valeat
535 1971 587 2021 per
604 1954 664 2008 lere
681 1955 789 2021 morari,

157 2029 192 2082 In
210 2045 291 2097 quem
309 2045 405 2082 manca
421 2029 479 2082 ruit
496 2045 605 2098 semper
622 2030 737 2083 fortuna.
774 2029 891 2084 Potesne

156 2104 200 2157 Ex
217 2103 260 2157 bis
277 2107 310 2158 ut
326 2104 467 2173 proprium
485 2103 552 2172 quid
569 2106 701 2159 nosceret
738 2104 863 2173 Quinque
880 2105 985 2161 talenta

156 2178 249 2233 Poscit
265 2182 295 2233 te
312 2179 417 2247 mulier,
435 2181 518 2232 vexat
535 2178 692 2248 foribusque
709 2180 848 2247 repulsum
941 2219 943 2222 -
984 2197 1009 2236 oo

156 2252 303 2308 Perfundit
320 2253 419 2323 gelida,
437 2270 532 2310 rursus
549 2258 644 2319 vocat;
663 2255 738 2322 eripe
754 2255 830 2323 turpi

156 2328 232 2384 Colla
244 2329 328 2398 jugo;
346 2329 437 2399 Liber,
455 2329 526 2383 liber
543 2346 611 2397 sum,
630 2329 674 2383 dic
692 2346 750 2398 age.
785 2330 847 2384 Non
864 2331 940 2399 quis;

156 2403 247 2473 Urget
264 2406 337 2459 enim
356 2404 482 2459 dominus
499 2408 622 2458 mentem
638 2421 692 2458 non
709 2405 778 2459 lenis
796 2409 825 2459 et
842 2422 919 2460 aeres

155 2479 298 2548 Subjectat
315 2480 386 2534 lasso
408 2479 533 2534 stimulos
550 2484 698 2549 versatque
716 2484 868 2547 negantem

155 2553 208 2608 Vel
227 2571 288 2610 cum
306 2555 437 2609 Pausiaca
453 2559 554 2623 torpes,
573 2556 674 2621 insane,
692 2554 801 2623 tabella,
985 2572 1009 2612 aa

156 2628 208 2694 Qui
226 2647 322 2700 peccas
340 2631 429 2684 minus
447 2634 530 2699 atque
548 2646 607 2697 ego,
625 2646 687 2683 cum
706 2630 784 2682 Fulvi
803 2629 985 2699 Rutubaeque

155 2706 215 2760 Aut
234 2705 389 2759 Pacideiani
407 2709 535 2759 contento
553 2705 659 2774 poplite
676 2704 761 2758 miror
839 2719 841 2724 ’

155 2779 263 2834 Proelia
279 2781 389 2834 rubrica
406 2781 481 2850 picta
499 2784 547 2834 aut
565 2780 689 2850 carbone,
707 2780 782 2834 velut
800 2779 823 2834 si

155 2854 279 2911 Revera
295 2860 425 2925 pugnent,
444 2856 552 2923 feriant,
571 2857 715 2924 vitentque
731 2858 874 2910 moventes

155 2932 243 2986 Arma
259 2932 329 2986 viril
366 2931 492 3000 Nequam
511 2934 541 2985 et
558 2935 678 2985 cessator
696 2931 804 2996 Davus;
821 2933 852 2983 at
867 2931 928 2998 ipse
974 2944 1009 2985 roo

154 3007 268 3060 Subtilis
285 3011 410 3061 veterum
423 3006 513 3074 judex
532 3010 560 3059 et
579 3005 693 3059 callidus
710 3006 797 3060 audis.

153 3081 201 3136 Nil
219 3099 269 3151 ego
288 3082 311 3135 si
330 3082 415 3135 ducor
433 3081 488 3135 libo
505 3081 642 3134 fumante:
659 3080 711 3133 tibi
728 3080 824 3147 ingens

154 3156 252 3211 Virtus
269 3160 353 3226 atque
370 3156 476 3210 animus
494 3157 586 3209 coenis
603 3159 746 3224 responsat
764 3154 860 3221 opimis

154 3231 324 3301 Obsequium
341 3231 445 3285 ventris
462 3231 528 3285 mibi
545 3230 723 3300 perniciosius
740 3232 784 3285 est
801 3230 869 3285 euri

198 3307 225 3352 13
