<?xml version="1.0" encoding="UTF-8"?>
<!DOCTYPE html PUBLIC "-//W3C//DTD XHTML 1.0 Transitional//EN"
    "http://www.w3.org/TR/xhtml1/DTD/xhtml1-transitional.dtd">
<html xmlns="http://www.w3.org/1999/xhtml" xml:lang="en" lang="en">
 <head>
  <title>
</title>
<meta http-equiv="Content-Type" content="text/html;charset=utf-8" />
  <meta name='ocr-system' content='tesseract 3.04.00' />
  <meta name='ocr-capabilities' content='ocr_page ocr_carea ocr_par ocr_line ocrx_word'/>
</head>
<body>
  <div class='ocr_page' id='page_1' title='image "./quintihoraticfl00maclgoog_0052.png"; bbox 0 0 2275 3550; ppageno 0'>
   <div class='ocr_carea' id='block_1_1' title="bbox 400 183 703 234">
    <p class='ocr_par' dir='ltr' id='par_1_1' title="bbox 400 183 703 234">
     <span class='ocr_line' id='line_1_1' title="bbox 400 183 703 234; baseline 0.007 -2"><span class='ocrx_word' id='word_1_1' title='bbox 400 183 555 232; x_wconf 83' lang='lat' dir='ltr'><strong>HORATII</strong></span> <span class='ocrx_word' id='word_1_2' title='bbox 572 184 703 234; x_wconf 82' lang='lat' dir='ltr'>FLACCI</span> 
     </span>
    </p>
   </div>
   <div class='ocr_carea' id='block_1_2' title="bbox 264 262 829 412">
    <p class='ocr_par' dir='ltr' id='par_1_2' title="bbox 264 262 829 412">
     <span class='ocr_line' id='line_1_2' title="bbox 264 262 579 331; baseline -0.01 -11"><span class='ocrx_word' id='word_1_3' title='bbox 264 264 416 331; x_wconf 88' lang='lat' dir='ltr'>Pauperem</span> <span class='ocrx_word' id='word_1_4' title='bbox 439 262 579 317; x_wconf 81' lang='lat' dir='ltr'>laboribus</span> 
     </span>
     <span class='ocr_line' id='line_1_3' title="bbox 297 339 829 412; baseline 0.009 -21"><span class='ocrx_word' id='word_1_5' title='bbox 297 339 418 392; x_wconf 88' lang='lat' dir='ltr'>Vocatus</span> <span class='ocrx_word' id='word_1_6' title='bbox 437 342 521 408; x_wconf 90' lang='lat' dir='ltr'>atque</span> <span class='ocrx_word' id='word_1_7' title='bbox 541 356 597 412; x_wconf 88' lang='lat' dir='ltr'>non</span> <span class='ocrx_word' id='word_1_8' title='bbox 608 344 725 395; x_wconf 72' lang='lat' dir='ltr'>uocatus</span> <span class='ocrx_word' id='word_1_9' title='bbox 743 341 829 397; x_wconf 84' lang='lat' dir='ltr'>audit</span> 
     </span>
    </p>
   </div>
   <div class='ocr_carea' id='block_1_3' title="bbox 512 478 592 534">
    <p class='ocr_par' dir='ltr' id='par_1_3' title="bbox 512 478 592 534">
     <span class='ocr_line' id='line_1_4' title="bbox 512 478 592 534; baseline 0.025 -2"><span class='ocrx_word' id='word_1_10' title='bbox 512 478 592 534; x_wconf 90' lang='lat' dir='ltr'>XIX.</span> 
     </span>
    </p>
   </div>
   <div class='ocr_carea' id='block_1_4' title="bbox 248 559 856 2969">
    <p class='ocr_par' dir='ltr' id='par_1_4' title="bbox 248 559 880 2969">
     <span class='ocr_line' id='line_1_5' title="bbox 262 559 856 630; baseline 0.003 -16"><span class='ocrx_word' id='word_1_11' title='bbox 262 559 404 614; x_wconf 81' lang='lat' dir='ltr'>Bncenuu</span> <span class='ocrx_word' id='word_1_12' title='bbox 424 561 453 614; x_wconf 89' lang='lat' dir='ltr'>in</span> <span class='ocrx_word' id='word_1_13' title='bbox 474 562 587 616; x_wconf 89' lang='lat' dir='ltr'>remotis</span> <span class='ocrx_word' id='word_1_14' title='bbox 605 561 726 614; x_wconf 86' lang='lat' dir='ltr'>carmina</span> <span class='ocrx_word' id='word_1_15' title='bbox 742 560 856 630; x_wconf 77' lang='lat' dir='ltr'><strong>rupibus</strong></span> 
     </span>
     <span class='ocr_line' id='line_1_6' title="bbox 262 634 787 704; baseline 0.004 -16"><span class='ocrx_word' id='word_1_16' title='bbox 262 634 329 689; x_wconf 89' lang='lat' dir='ltr'>Vidi</span> <span class='ocrx_word' id='word_1_17' title='bbox 348 636 631 691; x_wconf 89' lang='lat' dir='ltr'>docentem—credite</span> <span class='ocrx_word' id='word_1_18' title='bbox 649 637 787 704; x_wconf 85' lang='lat' dir='ltr'>posteri-</span> 
     </span>
     <span class='ocr_line' id='line_1_7' title="bbox 296 711 793 781; baseline 0.002 -17"><span class='ocrx_word' id='word_1_19' title='bbox 296 711 489 781; x_wconf 78' lang='lat' dir='ltr'><strong>Nymphasque</strong></span> <span class='ocrx_word' id='word_1_20' title='bbox 508 712 646 766; x_wconf 73' lang='lat' dir='ltr'>discentes</span> <span class='ocrx_word' id='word_1_21' title='bbox 665 716 696 766; x_wconf 90' lang='lat' dir='ltr'>et</span> <span class='ocrx_word' id='word_1_22' title='bbox 713 728 793 765; x_wconf 88' lang='lat' dir='ltr'>aures</span> 
     </span>
     <span class='ocr_line' id='line_1_8' title="bbox 331 787 813 857; baseline 0.004 -16"><span class='ocrx_word' id='word_1_23' title='bbox 331 787 515 857; x_wconf 84' lang='lat' dir='ltr'>Gapripedum</span> <span class='ocrx_word' id='word_1_24' title='bbox 536 789 695 855; x_wconf 79' lang='lat' dir='ltr'><strong>Satyrorum</strong></span> <span class='ocrx_word' id='word_1_25' title='bbox 711 791 813 843; x_wconf 69' lang='lat' dir='ltr'>acutus,</span> 
     </span>
     <span class='ocr_line' id='line_1_9' title="bbox 261 861 800 930; baseline 0.002 -15"><span class='ocrx_word' id='word_1_26' title='bbox 261 861 344 930; x_wconf 78' lang='lat' dir='ltr'>Eune,</span> <span class='ocrx_word' id='word_1_27' title='bbox 363 865 466 917; x_wconf 79' lang='lat' dir='ltr'>recenti</span> <span class='ocrx_word' id='word_1_28' title='bbox 484 879 561 917; x_wconf 90' lang='lat' dir='ltr'>mens</span> <span class='ocrx_word' id='word_1_29' title='bbox 581 862 703 930; x_wconf 76' lang='lat' dir='ltr'>trepidat</span> <span class='ocrx_word' id='word_1_30' title='bbox 723 866 800 919; x_wconf 86' lang='lat' dir='ltr'>metu</span> 
     </span>
     <span class='ocr_line' id='line_1_10' title="bbox 261 937 807 1007; baseline -0.002 -16"><span class='ocrx_word' id='word_1_31' title='bbox 261 937 400 1007; x_wconf 89' lang='lat' dir='ltr'>Plenoque</span> <span class='ocrx_word' id='word_1_32' title='bbox 420 938 519 992; x_wconf 81' lang='lat' dir='ltr'>Bacchi</span> <span class='ocrx_word' id='word_1_33' title='bbox 537 942 647 1006; x_wconf 67' lang='lat' dir='ltr'>pectore</span> <span class='ocrx_word' id='word_1_34' title='bbox 666 937 807 990; x_wconf 89' lang='lat' dir='ltr'>turbidum</span> 
     </span>
     <span class='ocr_line' id='line_1_11' title="bbox 294 1012 764 1082; baseline -0.011 -13"><span class='ocrx_word' id='word_1_35' title='bbox 294 1013 434 1069; x_wconf 83' lang='lat' dir='ltr'>Laetatur.</span> <span class='ocrx_word' id='word_1_36' title='bbox 469 1015 551 1082; x_wconf 87' lang='lat' dir='ltr'>Euoe,</span> <span class='ocrx_word' id='word_1_37' title='bbox 572 1029 654 1082; x_wconf 86' lang='lat' dir='ltr'>parce</span> <span class='ocrx_word' id='word_1_38' title='bbox 673 1012 764 1079; x_wconf 87' lang='lat' dir='ltr'>Liber,</span> 
     </span>
     <span class='ocr_line' id='line_1_12' title="bbox 330 1088 812 1158; baseline 0 -16"><span class='ocrx_word' id='word_1_39' title='bbox 330 1089 422 1158; x_wconf 87' lang='lat' dir='ltr'>Parce,</span> <span class='ocrx_word' id='word_1_40' title='bbox 440 1090 517 1158; x_wconf 83' lang='lat' dir='ltr'>gravi</span> <span class='ocrx_word' id='word_1_41' title='bbox 536 1088 683 1142; x_wconf 86' lang='lat' dir='ltr'>metuende</span> <span class='ocrx_word' id='word_1_42' title='bbox 702 1088 812 1156; x_wconf 76' lang='lat' dir='ltr'>thyrso!</span> 
     </span>
     <span class='ocr_line' id='line_1_13' title="bbox 263 1162 788 1233; baseline -0.004 -16"><span class='ocrx_word' id='word_1_43' title='bbox 263 1163 317 1217; x_wconf 80' lang='lat' dir='ltr'>Fas</span> <span class='ocrx_word' id='word_1_44' title='bbox 334 1166 487 1233; x_wconf 79' lang='lat' dir='ltr'>pervicaces</span> <span class='ocrx_word' id='word_1_45' title='bbox 505 1168 549 1219; x_wconf 86' lang='lat' dir='ltr'>est</span> <span class='ocrx_word' id='word_1_46' title='bbox 566 1164 635 1217; x_wconf 91' lang='lat' dir='ltr'>mihi</span> <span class='ocrx_word' id='word_1_47' title='bbox 653 1162 788 1231; x_wconf 77' lang='lat' dir='ltr'>Thyiadas</span> 
     </span>
     <span class='ocr_line' id='line_1_14' title="bbox 260 1238 765 1309; baseline -0.004 -16"><span class='ocrx_word' id='word_1_48' title='bbox 260 1239 381 1309; x_wconf 86' lang='lat' dir='ltr'>Vinique</span> <span class='ocrx_word' id='word_1_49' title='bbox 398 1241 502 1294; x_wconf 86' lang='lat' dir='ltr'>fontem</span> <span class='ocrx_word' id='word_1_50' title='bbox 520 1239 599 1293; x_wconf 87' lang='lat' dir='ltr'>lactis</span> <span class='ocrx_word' id='word_1_51' title='bbox 621 1242 651 1292; x_wconf 93' lang='lat' dir='ltr'>et</span> <span class='ocrx_word' id='word_1_52' title='bbox 665 1238 765 1292; x_wconf 84' lang='lat' dir='ltr'>uberes</span> 
     </span>
     <span class='ocr_line' id='line_1_15' title="bbox 295 1315 739 1384; baseline -0.009 -13"><span class='ocrx_word' id='word_1_53' title='bbox 295 1316 414 1372; x_wconf 83' lang='lat' dir='ltr'>Cantare</span> <span class='ocrx_word' id='word_1_54' title='bbox 434 1317 515 1384; x_wconf 87' lang='lat' dir='ltr'>rivos,</span> <span class='ocrx_word' id='word_1_55' title='bbox 531 1319 616 1384; x_wconf 89' lang='lat' dir='ltr'>atque</span> <span class='ocrx_word' id='word_1_56' title='bbox 633 1315 739 1368; x_wconf 86' lang='lat' dir='ltr'>truncis</span> 
     </span>
     <span class='ocr_line' id='line_1_16' title="bbox 329 1390 745 1461; baseline -0.005 -16"><span class='ocrx_word' id='word_1_57' title='bbox 329 1392 418 1461; x_wconf 84' lang='lat' dir='ltr'>Lapsa</span> <span class='ocrx_word' id='word_1_58' title='bbox 436 1393 508 1445; x_wconf 80' lang='lat' dir='ltr'>caris</span> <span class='ocrx_word' id='word_1_59' title='bbox 526 1391 628 1445; x_wconf 89' lang='lat' dir='ltr'>iterare</span> <span class='ocrx_word' id='word_1_60' title='bbox 647 1390 745 1454; x_wconf 82' lang='lat' dir='ltr'>mella3</span> 
     </span>
     <span class='ocr_line' id='line_1_17' title="bbox 260 1465 765 1534; baseline -0.002 -13"><span class='ocrx_word' id='word_1_61' title='bbox 260 1465 314 1521; x_wconf 85' lang='lat' dir='ltr'>Fas</span> <span class='ocrx_word' id='word_1_62' title='bbox 333 1471 362 1521; x_wconf 92' lang='lat' dir='ltr'>et</span> <span class='ocrx_word' id='word_1_63' title='bbox 381 1467 478 1521; x_wconf 86' lang='lat' dir='ltr'>beatae</span> <span class='ocrx_word' id='word_1_64' title='bbox 496 1465 620 1534; x_wconf 83' lang='lat' dir='ltr'>conjugis</span> <span class='ocrx_word' id='word_1_65' title='bbox 638 1465 765 1521; x_wconf 88' lang='lat' dir='ltr'>additum</span> 
     </span>
     <span class='ocr_line' id='line_1_18' title="bbox 260 1539 793 1610; baseline -0.004 -13"><span class='ocrx_word' id='word_1_66' title='bbox 260 1542 353 1597; x_wconf 79' lang='lat' dir='ltr'>Stellis</span> <span class='ocrx_word' id='word_1_67' title='bbox 370 1542 509 1610; x_wconf 81' lang='lat' dir='ltr'>honorem‚&#39;</span> <span class='ocrx_word' id='word_1_68' title='bbox 526 1544 655 1610; x_wconf 83' lang='lat' dir='ltr'>tectaque</span> <span class='ocrx_word' id='word_1_69' title='bbox 676 1539 793 1595; x_wconf 85' lang='lat' dir='ltr'>Penthei</span> 
     </span>
     <span class='ocr_line' id='line_1_19' title="bbox 293 1617 835 1686; baseline -0.007 -13"><span class='ocrx_word' id='word_1_70' title='bbox 293 1617 418 1686; x_wconf 85' lang='lat' dir='ltr'>Disjecta</span> <span class='ocrx_word' id='word_1_71' title='bbox 437 1634 492 1671; x_wconf 90' lang='lat' dir='ltr'>non</span> <span class='ocrx_word' id='word_1_72' title='bbox 512 1618 567 1671; x_wconf 80' lang='lat' dir='ltr'>leni</span> <span class='ocrx_word' id='word_1_73' title='bbox 585 1618 670 1683; x_wconf 87' lang='lat' dir='ltr'>ruina,</span> <span class='ocrx_word' id='word_1_74' title='bbox 825 1635 835 1650; x_wconf 91' lang='lat'><strong>·</strong></span> 
     </span>
     <span class='ocr_line' id='line_1_20' title="bbox 328 1692 763 1761; baseline -0.005 -14"><span class='ocrx_word' id='word_1_75' title='bbox 328 1694 438 1747; x_wconf 77' lang='lat' dir='ltr'>Thracis</span> <span class='ocrx_word' id='word_1_76' title='bbox 457 1697 487 1748; x_wconf 90' lang='lat' dir='ltr'>et</span> <span class='ocrx_word' id='word_1_77' title='bbox 507 1692 622 1747; x_wconf 85' lang='lat' dir='ltr'>exitium</span> <span class='ocrx_word' id='word_1_78' title='bbox 641 1692 763 1761; x_wconf 83' lang='lat' dir='ltr'>Lycurgi.</span> 
     </span>
     <span class='ocr_line' id='line_1_21' title="bbox 259 1768 846 1838; baseline 0 -15"><span class='ocrx_word' id='word_1_79' title='bbox 259 1768 301 1823; x_wconf 78' lang='lat' dir='ltr'>Tn</span> <span class='ocrx_word' id='word_1_80' title='bbox 318 1769 406 1824; x_wconf 88' lang='lat' dir='ltr'>flectis</span> <span class='ocrx_word' id='word_1_81' title='bbox 425 1787 526 1837; x_wconf 87' lang='lat' dir='ltr'>amnes,</span> <span class='ocrx_word' id='word_1_82' title='bbox 545 1774 579 1824; x_wconf 90' lang='lat' dir='ltr'>tu</span> <span class='ocrx_word' id='word_1_83' title='bbox 596 1786 672 1823; x_wconf 82' lang='lat' dir='ltr'>mare</span> <span class='ocrx_word' id='word_1_84' title='bbox 692 1768 846 1838; x_wconf 82' lang='lat' dir='ltr'>barbarum,</span> 
     </span>
     <span class='ocr_line' id='line_1_22' title="bbox 258 1844 708 1914; baseline -0.007 -14"><span class='ocrx_word' id='word_1_85' title='bbox 258 1845 300 1900; x_wconf 73' lang='lat' dir='ltr'>&#39;Pu</span> <span class='ocrx_word' id='word_1_86' title='bbox 320 1847 452 1914; x_wconf 88' lang='lat' dir='ltr'>separatis</span> <span class='ocrx_word' id='word_1_87' title='bbox 470 1846 568 1900; x_wconf 87' lang='lat' dir='ltr'>uvidus</span> <span class='ocrx_word' id='word_1_88' title='bbox 587 1846 617 1899; x_wconf 90' lang='lat' dir='ltr'>in</span> <span class='ocrx_word' id='word_1_89' title='bbox 633 1844 708 1914; x_wconf 82' lang='lat' dir='ltr'>jugis</span> 
     </span>
     <span class='ocr_line' id='line_1_23' title="bbox 292 1921 643 1990; baseline -0.006 -15"><span class='ocrx_word' id='word_1_90' title='bbox 292 1921 374 1975; x_wconf 91' lang='lat' dir='ltr'>Nodo</span> <span class='ocrx_word' id='word_1_91' title='bbox 394 1927 502 1976; x_wconf 70' lang='lat' dir='ltr'>codeces</span> <span class='ocrx_word' id='word_1_92' title='bbox 520 1921 643 1990; x_wconf 89' lang='lat' dir='ltr'>viperino</span> 
     </span>
     <span class='ocr_line' id='line_1_24' title="bbox 326 1994 816 2052; baseline 0.004 -2"><span class='ocrx_word' id='word_1_93' title='bbox 326 1996 500 2051; x_wconf 85' lang='lat' dir='ltr'>Bistonidum</span> <span class='ocrx_word' id='word_1_94' title='bbox 519 1997 577 2050; x_wconf 89' lang='lat' dir='ltr'>sine</span> <span class='ocrx_word' id='word_1_95' title='bbox 594 1996 692 2050; x_wconf 87' lang='lat' dir='ltr'>fraude</span> <span class='ocrx_word' id='word_1_96' title='bbox 712 1994 816 2052; x_wconf 83' lang='lat' dir='ltr'>crines:</span> 
     </span>
     <span class='ocr_line' id='line_1_25' title="bbox 258 2071 830 2142; baseline -0.003 -16"><span class='ocrx_word' id='word_1_97' title='bbox 258 2071 307 2139; x_wconf 73' lang='lat' dir='ltr'>nu,</span> <span class='ocrx_word' id='word_1_98' title='bbox 325 2089 385 2126; x_wconf 89' lang='lat' dir='ltr'>cum</span> <span class='ocrx_word' id='word_1_99' title='bbox 404 2073 526 2142; x_wconf 88' lang='lat' dir='ltr'>parentis</span> <span class='ocrx_word' id='word_1_100' title='bbox 546 2089 631 2140; x_wconf 80' lang='lat' dir='ltr'>regna</span> <span class='ocrx_word' id='word_1_101' title='bbox 648 2088 698 2139; x_wconf 87' lang='lat' dir='ltr'>per</span> <span class='ocrx_word' id='word_1_102' title='bbox 716 2071 830 2125; x_wconf 85' lang='lat' dir='ltr'>arduum</span> 
     </span>
     <span class='ocr_line' id='line_1_26' title="bbox 258 2146 801 2215; baseline -0.004 -14"><span class='ocrx_word' id='word_1_103' title='bbox 258 2147 361 2201; x_wconf 77' lang='lat' dir='ltr'>Cohors</span> <span class='ocrx_word' id='word_1_104' title='bbox 382 2148 529 2215; x_wconf 84' lang='lat' dir='ltr'>Gigantum</span> <span class='ocrx_word' id='word_1_105' title='bbox 550 2147 693 2201; x_wconf 81' lang='lat' dir='ltr'>scanderet</span> <span class='ocrx_word' id='word_1_106' title='bbox 711 2146 801 2214; x_wconf 86' lang='lat' dir='ltr'>impia,</span> 
     </span>
     <span class='ocr_line' id='line_1_27' title="bbox 292 2222 693 2277; baseline -0.002 -2"><span class='ocrx_word' id='word_1_107' title='bbox 292 2222 429 2277; x_wconf 87' lang='lat' dir='ltr'>Rhoetum</span> <span class='ocrx_word' id='word_1_108' title='bbox 449 2223 584 2277; x_wconf 86' lang='lat' dir='ltr'>retorsisti</span> <span class='ocrx_word' id='word_1_109' title='bbox 605 2222 693 2275; x_wconf 89' lang='lat' dir='ltr'>leonis</span> 
     </span>
     <span class='ocr_line' id='line_1_28' title="bbox 325 2296 772 2365; baseline -0.004 -14"><span class='ocrx_word' id='word_1_110' title='bbox 325 2298 470 2365; x_wconf 80' lang='lat' dir='ltr'>Unguibus</span> <span class='ocrx_word' id='word_1_111' title='bbox 488 2297 666 2364; x_wconf 83' lang='lat' dir='ltr'>horribilique</span> <span class='ocrx_word' id='word_1_112' title='bbox 685 2296 772 2362; x_wconf 80' lang='lat' dir='ltr'>mala3</span> 
     </span>
     <span class='ocr_line' id='line_1_29' title="bbox 256 2371 796 2442; baseline -0.004 -16"><span class='ocrx_word' id='word_1_113' title='bbox 256 2372 427 2442; x_wconf 77' lang='lat' dir='ltr'>Quamquam</span> <span class='ocrx_word' id='word_1_114' title='bbox 447 2373 552 2428; x_wconf 87' lang='lat' dir='ltr'>choreis</span> <span class='ocrx_word' id='word_1_115' title='bbox 570 2373 660 2439; x_wconf 90' lang='lat' dir='ltr'>aptior</span> <span class='ocrx_word' id='word_1_116' title='bbox 678 2374 708 2424; x_wconf 89' lang='lat' dir='ltr'>et</span> <span class='ocrx_word' id='word_1_117' title='bbox 723 2371 796 2439; x_wconf 88' lang='lat' dir='ltr'>jocis</span> 
     </span>
     <span class='ocr_line' id='line_1_30' title="bbox 255 2446 772 2518; baseline -0.004 -16"><span class='ocrx_word' id='word_1_118' title='bbox 255 2447 389 2518; x_wconf 88' lang='lat' dir='ltr'>Ludoque</span> <span class='ocrx_word' id='word_1_119' title='bbox 410 2450 501 2504; x_wconf 88' lang='lat' dir='ltr'>dictus</span> <span class='ocrx_word' id='word_1_120' title='bbox 521 2463 576 2501; x_wconf 93' lang='lat' dir='ltr'>non</span> <span class='ocrx_word' id='word_1_121' title='bbox 594 2450 637 2500; x_wconf 88' lang='lat' dir='ltr'>sat</span> <span class='ocrx_word' id='word_1_122' title='bbox 657 2446 772 2501; x_wconf 89' lang='lat' dir='ltr'>idoneus</span> 
     </span>
     <span class='ocr_line' id='line_1_31' title="bbox 266 2521 730 2590; baseline -0.002 -14"><span class='ocrx_word' id='word_1_123' title='bbox 266 2526 269 2531; x_wconf 83' lang='lat'><em>&#39;</em></span> <span class='ocrx_word' id='word_1_124' title='bbox 289 2523 402 2590; x_wconf 76' lang='lat' dir='ltr'>Pugnae</span> <span class='ocrx_word' id='word_1_125' title='bbox 421 2524 568 2578; x_wconf 88' lang='lat' dir='ltr'>ferebaris:</span> <span class='ocrx_word' id='word_1_126' title='bbox 588 2521 730 2576; x_wconf 88' lang='lat' dir='ltr'>sedidem</span> 
     </span>
     <span class='ocr_line' id='line_1_32' title="bbox 324 2597 756 2666; baseline 0.002 -15"><span class='ocrx_word' id='word_1_127' title='bbox 324 2599 403 2653; x_wconf 90' lang='lat' dir='ltr'>Pacis</span> <span class='ocrx_word' id='word_1_128' title='bbox 422 2615 482 2651; x_wconf 85' lang='lat' dir='ltr'>eras</span> <span class='ocrx_word' id='word_1_129' title='bbox 500 2598 663 2666; x_wconf 89' lang='lat' dir='ltr'>mediusque</span> <span class='ocrx_word' id='word_1_130' title='bbox 683 2597 756 2653; x_wconf 89' lang='lat' dir='ltr'>belli.</span> 
     </span>
     <span class='ocr_line' id='line_1_33' title="bbox 254 2669 751 2727; baseline 0.004 -2"><span class='ocrx_word' id='word_1_131' title='bbox 254 2669 293 2725; x_wconf 74' lang='lat' dir='ltr'>Te</span> <span class='ocrx_word' id='word_1_132' title='bbox 313 2673 384 2727; x_wconf 88' lang='lat' dir='ltr'>vidit</span> <span class='ocrx_word' id='word_1_133' title='bbox 403 2673 494 2726; x_wconf 89' lang='lat' dir='ltr'>insons</span> <span class='ocrx_word' id='word_1_134' title='bbox 514 2673 650 2727; x_wconf 81' lang='lat' dir='ltr'>Cerberus</span> <span class='ocrx_word' id='word_1_135' title='bbox 668 2690 751 2727; x_wconf 86' lang='lat' dir='ltr'>aureo</span> 
     </span>
     <span class='ocr_line' id='line_1_34' title="bbox 248 2746 763 2817; baseline 0.002 -15"><span class='ocrx_word' id='word_1_136' title='bbox 248 2746 347 2802; x_wconf 80' lang='lat' dir='ltr'>-Oornu</span> <span class='ocrx_word' id='word_1_137' title='bbox 367 2749 503 2817; x_wconf 87' lang='lat' dir='ltr'>decorum,</span> <span class='ocrx_word' id='word_1_138' title='bbox 522 2749 622 2802; x_wconf 88' lang='lat' dir='ltr'>leniter</span> <span class='ocrx_word' id='word_1_139' title='bbox 640 2752 763 2803; x_wconf 85' lang='lat' dir='ltr'>atterens</span> 
     </span>
     <span class='ocr_line' id='line_1_35' title="bbox 288 2823 785 2893; baseline 0.002 -16"><span class='ocrx_word' id='word_1_140' title='bbox 288 2823 418 2893; x_wconf 82' lang='lat' dir='ltr'>Oaudam,</span> <span class='ocrx_word' id='word_1_141' title='bbox 439 2828 468 2878; x_wconf 92' lang='lat' dir='ltr'>et</span> <span class='ocrx_word' id='word_1_142' title='bbox 488 2824 643 2878; x_wconf 86' lang='lat' dir='ltr'>recedentis</span> <span class='ocrx_word' id='word_1_143' title='bbox 660 2824 785 2893; x_wconf 81' lang='lat' dir='ltr'>trilingui</span> 
     </span>
     <span class='ocr_line' id='line_1_36' title="bbox 323 2898 759 2969; baseline 0.009 -17"><span class='ocrx_word' id='word_1_144' title='bbox 323 2898 379 2953; x_wconf 86' lang='lat' dir='ltr'>Ore</span> <span class='ocrx_word' id='word_1_145' title='bbox 399 2899 485 2968; x_wconf 89' lang='lat' dir='ltr'>pedes</span> <span class='ocrx_word' id='word_1_146' title='bbox 503 2899 652 2969; x_wconf 82' lang='lat' dir='ltr'>tetigitque</span> <span class='ocrx_word' id='word_1_147' title='bbox 672 2916 759 2956; x_wconf 79' lang='lat' dir='ltr'>euna.</span> 
     </span>
    </p>
   </div>
   <div class='ocr_carea' id='block_1_5' title="bbox 510 3041 573 3097">
    <p class='ocr_par' dir='ltr' id='par_1_5' title="bbox 510 3041 573 3097">
     <span class='ocr_line' id='line_1_37' title="bbox 510 3041 573 3097; baseline 0.032 -2"><span class='ocrx_word' id='word_1_148' title='bbox 510 3041 573 3097; x_wconf 90' lang='lat' dir='ltr'>XX.</span> 
     </span>
    </p>
   </div>
   <div class='ocr_carea' id='block_1_6' title="bbox 251 3117 843 3270">
    <p class='ocr_par' dir='ltr' id='par_1_6' title="bbox 251 3117 843 3270">
     <span class='ocr_line' id='line_1_38' title="bbox 251 3117 691 3178; baseline 0.009 -4"><span class='ocrx_word' id='word_1_149' title='bbox 251 3117 318 3177; x_wconf 82' lang='lat' dir='ltr'>Non</span> <span class='ocrx_word' id='word_1_150' title='bbox 335 3124 437 3178; x_wconf 86' lang='lat' dir='ltr'>usitata</span> <span class='ocrx_word' id='word_1_151' title='bbox 454 3141 506 3178; x_wconf 89' lang='lat' dir='ltr'>nec</span> <span class='ocrx_word' id='word_1_152' title='bbox 523 3124 600 3178; x_wconf 88' lang='lat' dir='ltr'>tenui</span> <span class='ocrx_word' id='word_1_153' title='bbox 618 3124 691 3178; x_wconf 84' lang='lat' dir='ltr'>ferar</span> 
     </span>
     <span class='ocr_line' id='line_1_39' title="bbox 252 3195 843 3270; baseline 0.005 -18"><span class='ocrx_word' id='word_1_154' title='bbox 252 3195 346 3254; x_wconf 79' lang='lat' dir='ltr'>Penne</span> <span class='ocrx_word' id='word_1_155' title='bbox 365 3200 488 3254; x_wconf 85' lang='lat' dir='ltr'>biformis</span> <span class='ocrx_word' id='word_1_156' title='bbox 506 3216 556 3268; x_wconf 89' lang='lat' dir='ltr'>per</span> <span class='ocrx_word' id='word_1_157' title='bbox 575 3200 711 3270; x_wconf 90' lang='lat' dir='ltr'>liquidnm</span> <span class='ocrx_word' id='word_1_158' title='bbox 729 3200 843 3258; x_wconf 74' lang='lat' dir='ltr'>aethera</span> 
     </span>
    </p>
   </div>
   <div class='ocr_carea' id='block_1_7' title="bbox 0 0 1142 3550">
    <p class='ocr_par' dir='ltr' id='par_1_7' title="bbox 0 0 1142 3550">
     <span class='ocr_line' id='line_1_40' title="bbox 0 0 1142 3550; baseline 0 3"><span class='ocrx_word' id='word_1_159' title='bbox 0 0 1142 3550; x_wconf 95' lang='lat' dir='ltr'> </span> 
     </span>
    </p>
   </div>
  </div>
 </body>
</html>
