2275 3550
115 163 161 210 122
395 158 549 207 HORATII
567 159 697 208 FLACCI

114 240 209 295 Infans
226 252 346 305 nemque
362 237 453 305 pudor
470 238 633 306 prohibebat
650 238 730 306 plura
746 239 857 307 profari,

113 315 139 367 N
140 332 176 368 on
194 330 245 381 ego
264 329 308 365 me
326 311 399 364 clarc
416 317 511 366 natum
529 317 616 382 patre,
633 330 688 366 non
705 329 755 382 ego
773 315 876 369 circum

112 389 160 443 Me
179 389 342 445 Satureiano
360 388 462 441 vectari
480 405 546 441 rura
563 388 674 456 caballo,

112 464 169 518 Sed
180 463 255 533 quod
268 479 343 516 eram
355 479 444 516 narro.
480 463 640 531 Respondes
651 466 684 517 ut
694 466 759 517 tuus
770 467 814 518 est
825 482 884 518 mos
942 482 967 523 so

112 539 215 594 Pauca:
236 539 320 604 cbe03
345 543 375 593 et
392 554 502 591 revocas
519 554 591 591 nono
607 543 671 608 post
687 554 780 592 mense
793 540 932 614 jubesque

111 612 180 666 Esse
197 614 226 666 in
244 613 392 667 amicorum
409 628 530 666 numero.
565 613 697 680 Magnum
714 614 766 667 hcc
783 631 835 683 ego
852 615 923 671 duco

111 688 192 752 Quod
210 689 300 757 placui
319 689 370 742 tibi
389 688 436 757 qui
453 688 529 756 turpi
547 689 666 742 secernis
684 689 836 758 honestum,

108 763 137 816 N
139 781 174 817 on
191 769 273 833 patre
289 764 429 831 praeclaro
447 762 498 816 sed
515 762 573 816 vita
590 767 620 818 et
637 766 748 832 pectore
765 782 843 834 puro.

111 841 200 909 Atqui
219 840 242 893 si
260 838 534 894 vitiis-mediocribus
551 854 584 891 ac
601 856 662 892 mee
678 840 773 907 paucis
940 857 965 897 05

110 914 246 970 Mendosa
264 918 307 969 est
323 917 422 968 natura
439 913 540 983 alioqui
557 917 641 982 recta,
659 915 735 970 velut
752 916 775 969 si

110 990 231 1060 Egregie
248 992 385 1060 inspersos
402 989 588 1057 reprehendas
605 1006 719 1059 corpore
735 1008 851 1058 naevos3

110 1066 140 1119 Si
158 1084 249 1135 neque
266 1067 409 1121 avaritiam
426 1081 516 1133 neque
534 1065 630 1118 sordes
647 1069 697 1119 aut
714 1068 785 1120 mela
801 1067 889 1122 lustra

111 1141 232 1209 Objiciet
249 1160 313 1197 vere
331 1141 474 1210 quisquam
491 1140 565 1207 mihi,
584 1157 669 1209 purus
687 1145 716 1195 et
733 1142 826 1196 insons

68 1281 70 1287 ¹
111 1219 161 1285 (Ut
178 1235 224 1274 1110
241 1217 401 1282 collaudem)
420 1216 444 1270 si
461 1219 490 1270 et
507 1216 568 1270 vivo
586 1232 665 1270 carus
683 1217 791 1282 amicis3
939 1233 964 1273 rc

111 1294 200 1348 Causa
217 1294 271 1347 fuit
288 1296 372 1361 peter
384 1292 435 1358 his,
453 1291 501 1360 qui
518 1308 609 1346 macro
626 1308 733 1360 pauper
749 1293 838 1360 agello
915 1334 921 1341 .

110 1369 207 1424 Noluit
224 1369 253 1422 in
272 1368 350 1422 Flavi
367 1368 462 1420 ludum
480 1384 524 1421 me
541 1368 663 1436 mittere,
680 1368 773 1435 magni
921 1364 923 1366 ’

110 1444 170 1508 Quo
188 1444 268 1513 pueri
285 1443 390 1510 magnis
408 1459 423 1496 e
442 1443 647 1496 centurionibus
665 1445 726 1512 orti,

110 1519 201 1573 Laevo
219 1518 344 1587 suspensi
361 1518 462 1571 loculos
480 1517 658 1586 tabulamque
675 1512 784 1588 lacerto}
884 1540 888 1545 ·

110 1594 194 1649 Ibant
212 1594 315 1648 octonis
333 1593 485 1647 referentes
504 1592 602 1646 idibus
620 1610 697 1648 aera:
937 1608 962 1651 τσ

109 1671 167 1724 Sed
183 1687 299 1740 puerum
317 1672 361 1722 est
379 1684 461 1722 ausus
479 1668 595 1722 Romam
613 1674 724 1738 portare
742 1671 893 1727 docendum

110 1747 196 1801 Artes
214 1763 283 1815 quas
300 1745 398 1800 doceat
416 1745 504 1813 quivis
521 1761 607 1814 eques
625 1749 709 1815 atque
726 1750 837 1802 senator

110 1823 204 1877 Scmet
220 1826 375 1891 prognatos,
410 1821 525 1876 Vestem
543 1839 690 1892 servosque
707 1826 860 1891 sequentes,

111 1898 146 1951 In
163 1915 260 1967 magno
278 1902 311 1953 ut
326 1897 434 1968 popule,
453 1898 476 1951 si
494 1898 541 1966 qui
559 1897 680 1966 vidisset,
699 1900 773 1952 avita

111 1972 154 2027 Ex
170 1991 202 2028 re
219 1975 345 2043 praeberi
363 1977 489 2042 sumptus
506 1974 574 2027 mihi
592 1974 718 2028 crederet
734 1974 802 2029 illos.
939 1988 964 2027 so

63 2083 66 2087 -
112 2050 176 2118 Ipse
193 2051 260 2102 mihi
278 2053 369 2103 custos
387 2050 637 2117 incorruptissimus
655 2067 748 2103 omnes

111 2124 220 2177 Circum
238 2124 365 2177 doctores
382 2124 486 2177 aderat.
523 2124 597 2188 Quid
613 2125 716 2178 multel
752 2124 893 2192 Pudicum,

112 2198 165 2262 Qui
180 2199 288 2266 primus
306 2198 417 2250 virtutis
435 2198 527 2263 honos,
545 2198 664 2251 servavit
680 2197 716 2250 ab
733 2199 806 2250 omni

111 2273 138 2326 N
139 2290 174 2327 011
192 2273 278 2325 solum
295 2272 367 2324 laeto
385 2287 479 2324 verum
497 2271 643 2340 opprobrio
661 2287 769 2339 quoque
786 2272 876 2339 tmpi;

111 2348 138 2402 N
140 2365 170 2402 ec
187 2347 281 2401 timuit
298 2345 350 2400 sibi
367 2363 402 2399 ne
419 2346 487 2400 vitio
505 2347 566 2414 quis
584 2349 706 2399 verteret
722 2344 788 2399 clim
940 2364 966 2402 85

112 2424 141 2478 Si
159 2439 257 2492 praeco
274 2438 372 2492 parvas
391 2424 447 2489 aut,
464 2424 496 2475 ut
513 2421 567 2474 fuit
585 2421 651 2489 ipse,
670 2423 780 2475 coactor
999 2485 1004 2496 ,

111 2499 255 2553 Mercedes
263 2515 403 2565 sequercr;
412 2513 503 2565 neque
510 2513 560 2565 ego
567 2513 656 2550 essem
665 2500 789 2565 questus:
801 2497 963 2554 athccnunc
1125 2549 1126 2566 1

112 2575 185 2628 Laus
202 2574 242 2627 illi
261 2574 378 2628 debetur
395 2576 425 2627 et
441 2588 459 2626 a
475 2588 520 2627 me
536 2573 628 2640 gratia
644 2572 740 2642 major.
1125 2591 1127 2664 q

112 2651 159 2704 Nil
177 2667 222 2704 mc
238 2650 378 2719 poeniteat
396 2665 492 2703 sanum
508 2648 596 2717 patris
607 2649 701 2717 hujus
714 2666 801 2718 eoque

112 2726 139 2780 N
140 2743 181 2793 011,
198 2730 231 2781 ut
247 2741 346 2793 magna
363 2725 426 2779 dolo
443 2724 546 2779 factum
563 2729 646 2792 negat
664 2742 724 2779 esse
741 2743 791 2779 suo
807 2743 872 2795 pars
938 2741 962 2781 so

113 2803 193 2867 Quod
210 2819 264 2855 non
281 2803 412 2870 ingenuos
429 2801 532 2855 habeat
549 2801 692 2869 clarosque
709 2806 846 2871 parentes,

113 2879 158 2933 Sic
175 2896 221 2933 me
238 2878 390 2933 defendam.
425 2876 519 2945 Longe
536 2894 599 2931 mea
616 2877 754 2946 discrepat
771 2878 832 2933 istis

113 2954 151 3009 Et
166 2971 220 3009 vox
238 2959 267 3009 et
284 2954 369 3009 ratic:
388 2970 452 3007 nam
470 2954 493 3006 si
510 2956 610 3007 natura
623 2952 738 3021 juberet

114 3031 141 3082 A
160 3032 242 3083 certis
259 3031 336 3084 annis
354 3046 451 3084 acrum
469 3046 593 3083 remeare
610 3033 753 3097 peractum

114 3106 208 3171 Atque
226 3106 292 3159 alios
310 3106 401 3174 legere
418 3106 454 3159 ad
471 3106 573 3159 fastum
592 3121 775 3178 quoscunque*
784 3103 912 3171 parentes
944 3113 967 3153 so

114 3177 231 3245 Optaret
249 3181 301 3235 sibi
319 3182 440 3251 quisque,
458 3182 527 3236 meis
545 3184 689 3237 contentus
705 3180 835 3234 honestos
1024 3181 1028 3186 ’
1125 3181 1127 3232 l

1123 1152 1127 1170 l
