2275 3550
406 184 564 243 HORATII¹
577 183 709 236 FLAGGI

238 263 408 320 lixoroila'laa
425 261 474 319 aul
490 264 563 334 petii
580 267 675 332 Syrios
692 265 719 319 N
721 268 775 333 oio,

271 341 331 394 Aut
347 342 436 395 fertur
452 341 557 394 incerbo
574 340 651 393 mari

236 415 397 484 Gapaoiorea
413 415 480 468 affer
497 410 558 483 huc,
574 432 651 484 puer,
669 415 784 485 scyphos

271 491 309 544 lli
326 490 396 545 Ohia
411 491 474 545 vina
490 494 539 545 aut
556 491 663 546 Lesbia

238 564 298 633 Vel,
315 566 390 634 quod
406 566 536 620 fluentem
553 583 683 621 nauseam
700 570 832 640 ooiroeai,
959 582 987 622 ao

271 640 373 695 Metire
389 640 469 695 nobis
486 641 656 699 Caecubum:

238 714 339 769 Curam
356 720 516 786 metumque
533 716 658 772 Caesaris
674 734 766 772 rerum
779 716 861 785 juvat

272 790 353 845 Duloi
370 791 460 859 Lyaeo
477 792 590 853 solvere.

542 935 571 990 X

239 1016 327 1072 Mum
343 1021 432 1074 soluta
447 1019 524 1073 navio
540 1019 599 1073 exit
615 1019 683 1075 alite

274 1095 377 1148 Ferens
394 1095 514 1149 olentem
532 1093 681 1149 Maeuium:

239 1169 281 1223 Ui
297 1170 416 1224 horridis
432 1172 581 1238 uirumque
598 1169 728 1227 verberes
744 1171 824 1238 latus,

275 1247 386 1314 Auster,
403 1250 541 1301 memento
557 1245 701 1300 fluctibus!

240 1321 327 1389 Niger
343 1321 476 1376 rudentes
493 1321 585 1375 Eurus
602 1321 710 1375 inverso
726 1319 796 1374 mari
974 1333 990 1373 σ

275 1396 443 1465 Fraoiosque
459 1412 550 1450 remos
568 1395 693 1459 differat3

241 1470 371 1538 Insurgat
388 1471 491 1539 Aquilo
506 1473 626 1538 quantus
643 1469 706 1523 altis
724 1467 862 1522 montibus

275 1545 390 1612 Frangit
405 1548 558 1599 trementes
575 1543 668 1609 ilicea;

241 1619 267 1673 N
269 1636 300 1673 eo
316 1620 394 1674 sidua
411 1624 473 1673 aba
489 1622 571 1672 nocte
587 1619 706 1672 amioum
722 1619 854 1686 appareat

275 1695 335 1759 oua
352 1695 440 1749 tristis
458 1694 542 1751 Orion
560 1694 653 1759 cadit3
935 1720 938 1726 ·
967 1708 989 1748 lo

239 1771 382 1837 Quietiora
397 1788 449 1825 neo
465 1770 571 1825 feratur
587 1787 707 1840 aequore

275 1847 363 1913 Quam
381 1846 465 1901 Graia
481 1847 616 1901 viciorum
633 1863 737 1913 manus,

239 1923 311 1978 Cum
329 1923 419 1977 Pallas
436 1926 499 1977 uolo
516 1922 601 1977 vertit
617 1923 688 1976 iram
704 1922 740 1976 ab
758 1921 811 1977 Ilio

275 2000 311 2052 In
327 1999 438 2067 impiam
457 1998 553 2067 Ajaois
569 2001 672 2053 ratem!

239 2074 265 2128 0
283 2078 402 2142 quantus
417 2075 504 2128 instat
521 2074 623 2128 navitis
640 2072 724 2127 sudor
741 2072 803 2137 tuis,
966 2084 990 2127 ιε

275 2149 391 2217 Tibique
406 2148 494 2216 pallor
509 2149 603 2201 luteus

240 2223 278 2275 Ei
294 2222 341 2275 illa
357 2238 412 2274 non
428 2221 515 2274 virilis
532 2221 646 2288 ejulatio

275 2296 375 2348 Preoes
392 2297 421 2347 ei
438 2310 563 2347 aversum
581 2296 617 2347 ad
635 2295 654 2347 J
656 2311 741 2361 ovem,

240 2369 334 2424 Ionius
351 2368 406 2422 udo
423 2384 486 2422 oum
503 2368 658 2435 remugiens
676 2369 749 2421 sinus

273 2444 347 2498 Noto
364 2444 483 2497 carinam
499 2444 621 2511 ruperit!
964 2455 989 2494 ao

239 2519 339 2588 Opima
355 2519 453 2587 quodsi
469 2519 574 2587 praeda
590 2533 674 2572 curvo
690 2517 785 2572 liltore

276 2596 405 2649 Porrecto
421 2611 529 2662 mergos
543 2593 658 2662 juveris,

240 2668 414 2724 Libidinouis
431 2668 615 2724 immolabitur
632 2684 712 2737 caper

274 2745 312 2799 Et
329 2761 399 2813 agna
416 2744 644 2814 Tempesiaiibua

533 2887 586 2943 XI.

206 2971 299 3037 mnu
315 2969 384 3025 nihil
401 2986 446 3024 me
464 2970 534 3025 sicui
551 2975 632 3026 antea
645 2972 727 3041 juvat

240 3046 365 3100 Scribere
383 3046 529 3101 versiculos
546 3063 639 3101 amore
655 3062 814 3115 percussum
830 3047 915 3117 gravi,

204 3122 308 3176 Amore
326 3122 373 3191 qui
390 3139 435 3176 me
451 3124 562 3192 praeter
579 3138 674 3176 omnes
691 3121 797 3191 expetit

237 3194 368 3251 Mollibus
385 3197 414 3251 in
430 3197 523 3267 pueris
539 3200 589 3252 aut
604 3197 634 3251 in
650 3198 748 3267 puellis
764 3211 849 3257 urere
