2275 3550
419 186 625 236 GARMINUM
641 187 683 236 Π.
702 189 741 236 18.

527 336 638 391 XVIII.

292 417 358 473 Nou
374 419 444 472 ebur
460 435 550 487 neque
567 435 681 472 aureum

326 493 392 547 Mea
408 493 518 547 renidet
534 494 563 545 in
581 493 662 547 domo
679 494 808 560 lacunar;

291 569 354 623 Non
371 568 465 623 trabes
484 569 644 637 Hymettiae

328 645 461 698 Premunt
477 645 616 697 columnas
632 643 731 697 ultima
747 643 847 698 recisas

291 720 405 785 Africa3
423 736 513 788 neque
533 718 623 773 Attali
993 740 1007 776 a

326 797 441 863 Ignotus
461 795 542 848 heres
560 795 664 862 regiam
682 794 810 862 occupavi
819 814 828 859 3

290 872 317 926 N
319 889 350 925 ec
368 871 513 924 Laconicas
533 871 602 923 mihi

324 942 448 1001 Trahunt
464 946 595 1000 honestae
613 961 750 1015 purpuras
770 944 903 1002 clientae:

291 1022 332 1076 At
350 1021 420 1075 fides
439 1025 468 1076 et
487 1022 581 1090 ingeni
602 1020 606 1029 '
710 1064 711 1069 ,

325 1097 449 1165 Benigua
465 1114 535 1151 vena
553 1100 605 1164 est,
622 1112 827 1166 pauperemque
847 1096 924 1150 dives
981 1111 1004 1150 ro

273 1173 339 1226 ¹Me
355 1173 445 1241 petit;
463 1172 531 1225 nihil
549 1188 633 1240 supra

324 1247 398 1300 Deos
415 1246 526 1316 lacesso,
545 1263 598 1300 nec
615 1248 759 1313 potentem
779 1244 895 1300 amicum

253 1356 255 1361 s
290 1322 422 1390 Largiora
439 1322 539 1391 flagito,
759 1330 764 1339 ‘

308 1398 398 1452 ilatio
415 1397 514 1452 beatus
533 1396 621 1451 unicis
640 1396 756 1453 Sabinis.

287 1473 419 1527 Truditur
438 1473 500 1527 dies
518 1473 572 1541 die,
978 1490 1001 1529 1⁵

321 1549 471 1618 Novasque
489 1552 610 1618 pergunt
628 1548 743 1603 interire
762 1549 852 1606 lunae.

289 1624 330 1678 Tu
349 1625 466 1679 secanda
483 1641 620 1678 marmora

322 1701 407 1754 Locas
427 1700 479 1754 sub
497 1700 588 1768 ipsum
605 1700 696 1767 funus,
716 1703 746 1753 et
764 1699 882 1768 sepulcri

287 1776 438 1831 Immemor
456 1778 540 1831 struis
558 1777 654 1829 domos

320 1853 460 1919 Marisquc
478 1852 553 1905 Baiis
572 1850 757 1918 obstrepentis
776 1866 858 1916 urges
974 1867 1000 1906 ao

286 1927 461 1981 Summovere
481 1926 583 1992 littora,

321 2003 422 2055 Parum
440 2000 561 2069 locuples
581 1999 738 2053 continente
758 1998 826 2067 ripa.

287 2077 367 2144 Quid,
386 2076 461 2145 quod
480 2092 568 2144 usque
587 2075 725 2144 proximos

320 2152 440 2206 Revcllis
457 2151 518 2219 agri
538 2150 668 2204 terminos
686 2149 808 2211 stultia
939 2199 941 2202 ,

287 2227 403 2281 Limites
421 2227 561 2281 clientium
975 2243 1000 2283 aa

319 2303 389 2356 Salis
407 2304 524 2358 avarus?
561 2302 677 2356 Pellitur
696 2305 826 2371 paternos

285 2379 320 2432 Iu
340 2379 402 2432 sinu
419 2379 510 2433 ferens
530 2378 597 2431 deos

318 2454 355 2508 Et
372 2471 442 2508 uxor
460 2456 489 2508 et
507 2454 549 2507 vir
567 2452 748 2522 sordidosque
767 2454 864 2518 natos3

196 2558 198 2563 .
283 2529 367 2583 Nulla
385 2530 485 2583 certior
503 2533 596 2583 tamen

318 2605 434 2673 Rapacis
453 2604 517 2658 Orci
537 2604 593 2657 fine
612 2603 751 2657 destinata
947 2603 949 2606 ’
973 2618 998 2658 aa

283 2680 358 2734 Aula
378 2680 493 2734 divitem
512 2682 607 2733 manet
747 2729 749 2733 .

317 2756 431 2811 Herum.
466 2755 540 2820 Quid
556 2754 631 2808 ultra
649 2753 761 2808 tendisl
797 2754 897 2822 Aequa
914 2752 997 2807 tellus

283 2829 402 2899 Pauperi
419 2830 572 2885 recluditur

317 2906 480 2974 Regumque
499 2905 599 2974 pueris,
621 2921 671 2958 uec
692 2904 803 2958 satelles
825 2903 889 2955 Orci

284 2980 421 3036 Callidum
442 2981 605 3035 Promethea
973 2990 996 3031 as

318 3055 436 3109 Revexit
454 3072 520 3109 auro
539 3060 642 3124 captus.
677 3054 733 3109 Hic
751 3052 900 3122 superbum
1014 3089 1016 3092 -

283 3129 427 3184 Tantalum
448 3135 532 3200 atque
551 3130 659 3185 Tantali

318 3205 413 3259 Genus
431 3209 555 3269 coercet3
573 3205 619 3259 hic
638 3205 729 3260 levare
747 3204 873 3260 funmum
