2275 3550
439 202 646 252 CARMINUM
663 203 717 252 III.
735 207 758 255 6.
999 204 1032 255 49

352 280 383 336 Si
400 281 504 349 pugnat
521 281 657 335 extricata
674 281 768 337 denas

386 356 474 411 Cerva
490 355 580 425 plagis
597 357 652 411 erit
669 357 716 412 ille
733 355 814 414 fortis

318 431 371 496 Qui
388 431 502 498 perfidis
520 447 550 486 se
568 433 688 487 credidit
704 431 836 501 hostibus,

318 508 356 563 nt
373 506 464 560 Marte
483 502 591 561 Poenos
608 512 732 576 proteret
748 509 835 563 altero

352 581 405 647 Qui
422 581 481 635 lora
497 583 633 636 restrictis
650 583 760 638 lacertis

385 656 478 712 Sensit
494 657 568 712 iners
585 658 733 727 timuitque
750 664 888 733 mortens=

315 731 372 787 Hic
388 731 464 787 unde
481 732 566 786 vitam
584 737 707 789 sumeret
722 734 823 789 inscius
847 778 850 782 Α

316 807 418 863 Pacem
434 807 528 862 duello
546 808 663 863 miscuit.
698 809 722 862 0
740 809 845 878 pudor!

350 880 375 936 Ο
393 898 492 950 magna
509 882 660 952 Karthago,
677 883 818 953 probrosis
886 911 889 915 ²

366 1002 369 1007 ,
385 957 477 1013 Altior
495 958 594 1012 Italiae
611 959 697 1012 ruinis
708 959 730 1013 !”
838 960 844 970 ‘

313 1030 417 1086 Fertur
433 1033 549 1102 pudicae
565 1033 689 1102 conjugis
706 1034 829 1089 osculum

316 1106 473 1177 Parvosque
489 1112 569 1162 natos
586 1112 619 1162 ut
636 1109 734 1177 capitis
750 1110 839 1163 minor

351 1181 398 1235 Ab
415 1198 446 1236 se
463 1183 612 1236 removisse
629 1187 660 1237 et
676 1183 783 1238 virilem

383 1256 487 1310 Torvus
504 1258 580 1310 humi
597 1258 720 1325 posuisse
736 1258 859 1315 vultum:

235 1362 245 1375 κ
314 1329 410 1385 Donec
427 1331 552 1402 labantes
568 1333 680 1385 consilio
696 1336 791 1402 patres

314 1404 452 1461 Firmaret
468 1410 564 1462 auctor
580 1424 719 1477 nunquam
735 1408 803 1481 alias
820 1408 892 1476 dato,

348 1481 482 1551 Interque
498 1486 656 1536 maerentes
673 1483 774 1537 amieos

378 1556 517 1624 Egregius
533 1561 695 1627 properaret
712 1558 798 1613 exsul.

315 1631 405 1699 Atqui
422 1631 526 1687 sciebat
543 1649 615 1702 quae
633 1633 686 1686 sibi
703 1633 836 1699 barbarus

314 1703 413 1760 Tortor
429 1711 541 1777 pararet
550 1728 557 1775 3
575 1725 630 1762 non
646 1709 727 1763 aliter
743 1713 836 1764 tamen

348 1781 472 1837 Dimovit
488 1783 631 1838 obstantes
647 1786 815 1854 propinquos

382 1857 419 1911 ut
436 1858 567 1926 populum
584 1858 691 1911 reditus
707 1862 869 1925 morantem,

315 1931 403 1994 Quam
420 1931 444 1985 si
461 1932 593 1985 clientum
609 1931 690 1999 longa
707 1933 819 2000 negotia

267 2047 270 2052 .
316 2005 476 2073 Dijudicata
492 2006 543 2059 lite
560 2006 738 2075 relinqueret,

350 2080 478 2134 Tendens
496 2081 667 2134 Venafranos
683 2082 713 2135 in
729 2097 811 2150 agros
841 2148 843 2151 Ι

383 2155 444 2210 Aut
461 2156 708 2210 Lacedaemonium
726 2157 880 2213 Tarentum.

578 2300 630 2355 VI.

313 2382 441 2437 Dromas
457 2379 592 2451 majorum
609 2367 763 2439 immeritus
779 2384 847 2455 lues,
879 2413 881 2416 v

315 2457 447 2526 Romane,
466 2458 553 2513 donec
571 2458 674 2527 templa
691 2461 821 2514 refeceris

350 2533 643 2606 Aedesquexlabentes
660 2535 774 2588 deorum
791 2540 822 2590 et

383 2608 477 2662 Foeda
493 2608 572 2676 nigro
590 2610 735 2663 simulacra
750 2610 832 2665 fumo.

314 2681 366 2736 Dis
382 2686 412 2736 te
428 2684 562 2737 minorem
580 2684 654 2753 quod
670 2685 744 2752 geris
761 2685 897 2755 imperast

315 2757 389 2811 Hinc
405 2774 486 2813 omne
502 2759 675 2828 principium,
692 2760 745 2813 huc
762 2761 837 2815 refer
854 2761 965 2830 exitum

347 2830 385 2885 Di
402 2833 490 2887 mults
506 2834 624 2902 neglecti
642 2833 779 2890 dederunt

383 2907 538 2976 Hesperiae
555 2908 627 2961 mala
643 2907 789 2968 luctuosae.

315 2980 380 3038 Jsm
396 2981 439 3034 bis
458 2983 603 3037 Monaeses
620 2986 650 3037 et
668 2983 764 3036 Pacori
780 2981 878 3039 manus

313 3055 341 3109 N
342 3071 377 3108 on
395 3056 549 3124 auspicatos
566 3057 694 3111 contudit
710 3058 830 3127 impetus

347 3129 464 3183 Nostros
482 3133 512 3186 et
529 3130 665 3200 adjecisse
681 3131 813 3200 praedam

382 3205 535 3274 Torquibus
553 3206 659 3273 exiguis
677 3206 793 3260 renidet.
