2275 3550
444 188 586 233 GARMlN
595 191 652 235 UM
666 190 689 235 1.
708 189 747 235 29.
989 191 1019 238 io
1125 184 1127 213 ³

203 261 313 317 Occidit
329 263 360 316 et
378 261 487 331 Pelopis
504 263 620 331 genitor,
638 263 750 317 conviva
767 264 889 331 deorum,

236 338 423 406 Tithonusque
442 343 563 392 remotus
580 338 609 392 in
627 355 707 392 auras

202 413 240 467 Et
258 412 335 466 Joris
351 413 457 466 arcanis
475 413 566 468 Minos
583 414 725 481 admissus,
743 412 902 484 habentque

236 489 350 543 Tartara
367 486 538 544 Panthoiden
554 489 655 543 iterum
673 489 744 543 Orco
998 505 1021 546 lo

86 606 88 609 -
202 564 365 633 Demissum‚
383 565 507 634 quamvis
523 566 611 634 clipeo
628 565 745 634 Trojano
761 565 847 620 refixo

235 641 369 710 Tempora
385 644 506 695 testatus
523 641 592 694 nihil
608 641 681 695 ultra

201 717 229 770 N
230 733 309 770 cruos
326 720 409 786 atque
427 720 518 771 cutem
535 717 619 771 morti
636 720 808 772 concesserat
823 721 907 785 atrae,

235 792 336 846 Judice
353 796 383 846 te
400 808 454 845 non
472 792 599 848 sordidus
616 798 710 848 auctor

203 868 325 922 Naturae
341 869 461 937 verique.
495 868 552 924 Sed
568 886 663 924 omnes
679 887 734 925 una
751 873 844 926 manet
861 885 916 922 nox
998 883 1020 922 ιε

236 944 273 997 Et
290 944 419 998 calcanda
436 945 520 999 semel
537 946 583 999 vie
598 945 661 1001 leti:

202 1019 278 1072 Dant
295 1020 362 1074 nh0s
379 1021 479 1074 Furiae
496 1024 575 1075 torvo
593 1021 748 1091 spectacula
765 1020 866 1086 Marti3

118 1110 122 1116 ·
237 1095 330 1149 Exitio
347 1100 391 1151 est
408 1095 519 1150 avidum
536 1113 612 1151 mare
629 1097 737 1162 nautis3

202 1170 293 1225 Mixta
310 1187 405 1225 senum
422 1188 455 1225 ac
468 1171 601 1239 juvenum
618 1171 769 1245 densentur
786 1172 890 1234 funera,
907 1170 1012 1224 nullum

237 1246 324 1300 Saeva
341 1249 423 1315 eaput
441 1247 604 1314 Proserpina
620 1247 699 1315 fugit.
996 1260 1020 1298 ao

202 1322 251 1375 Me
268 1337 377 1390 quoque
395 1321 493 1375 devexi
510 1322 624 1390 rapidus
641 1338 731 1376 comes
749 1320 859 1374 Orionis

238 1397 354 1466 illyricis
371 1397 462 1452 Notus
479 1396 572 1452 obruit
588 1397 677 1452 undis.

203 1474 244 1528 At
261 1476 300 1539 tu,
318 1477 409 1540 nauta,
427 1490 512 1541 vagae
529 1491 564 1527 ne
581 1490 663 1543 parce
680 1473 813 1543 malignus
830 1488 929 1528 arenae

129 1582 132 1588 -
238 1548 352 1602 Ossibus
369 1553 399 1603 et
415 1549 499 1618 capiti
516 1550 657 1604 inhumato

205 1623 368 1678 Particulam
381 1624 459 1679 dare:
474 1625 513 1679 sic
524 1626 706 1694 quodcunque
718 1624 867 1678 minabitur
879 1623 968 1678 Eurus
995 1637 1019 1676 25

238 1701 380 1755 Fluctibus
398 1702 543 1778 Hesperiis
561 1702 717 1756 Venusinae
956 1753 960 1758 .

204 1775 363 1831 Plectantur
380 1777 464 1831 silvae
479 1781 509 1832 te
527 1778 636 1846 sospite,
653 1778 794 1846 multoque
811 1790 914 1840 merces

237 1853 320 1907 Unde
336 1856 429 1921 potest
445 1852 498 1906 tibi
515 1853 619 1906 defluat
636 1868 724 1924 aequo

204 1928 251 1982 Ab
268 1929 339 1982 Jove
356 1928 542 1997 Neptunoque
558 1928 627 1980 sacri
644 1925 758 1980 custode
776 1924 895 1980 Tarenti.

238 2004 265 2057 N
266 2004 363 2073 egligis
380 2002 524 2056 immeritis
541 2003 694 2056 nocituram
995 2018 1019 2057 aa

204 2079 353 2134 Postmodo
370 2082 400 2133 te
416 2078 490 2132 natis
506 2077 632 2131 taudem
649 2075 839 2131 committeret
874 2075 943 2130 Fors
960 2081 990 2132 et

238 2154 341 2209 Debita
353 2154 419 2223 jura
435 2154 562 2224 vicesque
581 2152 714 2223 superbae

204 2231 243 2284 'Po
260 2235 390 2284 maneant
407 2228 653 2299 ipsumz'precibus
670 2245 723 2282 non
741 2228 850 2297 linquar
865 2227 966 2296 inultis,

238 2306 332 2380 Teque
349 2306 457 2375 piacula
474 2306 548 2359 nulla
564 2305 709 2360 resolvent.

204 2382 374 2451 eramquam
392 2382 504 2436 festinas
521 2399 576 2435 non
593 2384 637 2457 cst
654 2397 730 2435 mora
746 2380 841 2449 longa3
857 2379 952 2435 licebit
994 2394 1018 2434 ³⁵

238 2457 346 2527 Iniecto
363 2461 408 2513 ter
424 2458 536 2526 pulvere
553 2472 657 2525 curras

541 2597 650 2653 XXIX.

307 2682 371 2750 Ioci,
388 2681 477 2736 beatis
494 2697 566 2734 nunc
584 2679 708 2734 Arabum
725 2680 830 2735 invideo

248 2764 253 2772 '
307 2758 395 2826 Garis,
413 2762 442 2812 ct
459 2772 549 2812 acrem
566 2756 692 2809 militiam
709 2772 790 2825 paras

341 2834 367 2887 N
369 2850 404 2887 on
422 2836 486 2887 ante
504 2831 619 2886 dem‘ctis
638 2830 758 2885 Sabaeae

376 2908 506 2976 Regibus,
523 2907 702 2976 horribilique
720 2907 804 2961 Medo

306 2983 334 3036 N
335 2985 403 3038 cotie
420 2987 537 3037 catenas.
572 2983 649 3047 Quae
666 2982 717 3037 tibi
735 2983 871 3051 virginum
1008 2998 1022 3040 s

309 3058 413 3128 Sponso
429 3062 527 3112 necato
544 3057 662 3111 barbara
679 3059 798 3113 servietl

342 3135 415 3188 Puer
432 3134 493 3203 quis
511 3150 545 3186 ex
563 3134 626 3187 aula
643 3133 748 3200 capillis

376 3208 424 3262 Ad
440 3208 568 3276 cyathum
586 3213 724 3264 statuetur
741 3209 837 3278 unctis,
