<?xml version="1.0" encoding="UTF-8"?>
<!DOCTYPE html PUBLIC "-//W3C//DTD XHTML 1.0 Transitional//EN"
    "http://www.w3.org/TR/xhtml1/DTD/xhtml1-transitional.dtd">
<html xmlns="http://www.w3.org/1999/xhtml" xml:lang="en" lang="en">
 <head>
  <title>
</title>
<meta http-equiv="Content-Type" content="text/html;charset=utf-8" />
  <meta name='ocr-system' content='tesseract 3.04.00' />
  <meta name='ocr-capabilities' content='ocr_page ocr_carea ocr_par ocr_line ocrx_word'/>
</head>
<body>
  <div class='ocr_page' id='page_1' title='image "./quintihoraticfl00maclgoog_0110.png"; bbox 0 0 2275 3550; ppageno 0'>
   <div class='ocr_carea' id='block_1_1' title="bbox 404 201 707 253">
    <p class='ocr_par' dir='ltr' id='par_1_1' title="bbox 404 201 707 253">
     <span class='ocr_line' id='line_1_1' title="bbox 404 201 707 253; baseline -0.01 0"><span class='ocrx_word' id='word_1_1' title='bbox 404 203 561 253; x_wconf 85' lang='lat' dir='ltr'><strong>HORATII</strong></span> <span class='ocrx_word' id='word_1_2' title='bbox 576 201 707 251; x_wconf 79' lang='lat' dir='ltr'><strong>FLAGOI</strong></span> 
     </span>
    </p>
   </div>
   <div class='ocr_carea' id='block_1_2' title="bbox 237 281 990 582">
    <p class='ocr_par' dir='ltr' id='par_1_2' title="bbox 237 281 830 426">
     <span class='ocr_line' id='line_1_2' title="bbox 237 281 830 355; baseline -0.007 -15"><span class='ocrx_word' id='word_1_3' title='bbox 237 286 330 355; x_wconf 80' lang='lat' dir='ltr'>Qualis</span> <span class='ocrx_word' id='word_1_4' title='bbox 349 284 500 354; x_wconf 81' lang='lat' dir='ltr'>Lycambae</span> <span class='ocrx_word' id='word_1_5' title='bbox 518 286 628 351; x_wconf 86' lang='lat' dir='ltr'>spretus</span> <span class='ocrx_word' id='word_1_6' title='bbox 644 281 729 334; x_wconf 88' lang='lat' dir='ltr'>infido</span> <span class='ocrx_word' id='word_1_7' title='bbox 746 297 830 348; x_wconf 83' lang='lat' dir='ltr'>gener</span> 
     </span>
     <span class='ocr_line' id='line_1_3' title="bbox 272 357 645 426; baseline -0.005 -10"><span class='ocrx_word' id='word_1_8' title='bbox 272 364 331 417; x_wconf 83' lang='lat' dir='ltr'>Aut</span> <span class='ocrx_word' id='word_1_9' title='bbox 348 377 410 415; x_wconf 88' lang='lat' dir='ltr'>aeer</span> <span class='ocrx_word' id='word_1_10' title='bbox 427 360 514 413; x_wconf 87' lang='lat' dir='ltr'>hostis</span> <span class='ocrx_word' id='word_1_11' title='bbox 532 357 645 426; x_wconf 84' lang='lat' dir='ltr'><strong>Bupalo.</strong></span> 
     </span>
    </p>

    <p class='ocr_par' dir='ltr' id='par_1_3' title="bbox 240 431 990 582">
     <span class='ocr_line' id='line_1_4' title="bbox 240 431 990 505; baseline -0.007 -11"><span class='ocrx_word' id='word_1_12' title='bbox 240 439 284 496; x_wconf 84' lang='lat' dir='ltr'>An</span> <span class='ocrx_word' id='word_1_13' title='bbox 303 437 326 490; x_wconf 85' lang='lat' dir='ltr'>si</span> <span class='ocrx_word' id='word_1_14' title='bbox 345 436 407 505; x_wconf 89' lang='lat' dir='ltr'>quis</span> <span class='ocrx_word' id='word_1_15' title='bbox 425 439 486 488; x_wconf 88' lang='lat' dir='ltr'>atro</span> <span class='ocrx_word' id='word_1_16' title='bbox 505 434 590 487; x_wconf 90' lang='lat' dir='ltr'>dente</span> <span class='ocrx_word' id='word_1_17' title='bbox 610 450 655 488; x_wconf 89' lang='lat' dir='ltr'>me</span> <span class='ocrx_word' id='word_1_18' title='bbox 672 431 803 503; x_wconf 81' lang='lat' dir='ltr'>petiverit</span> <span class='ocrx_word' id='word_1_19' title='bbox 963 449 990 490; x_wconf 84' lang='lat'>15</span> 
     </span>
     <span class='ocr_line' id='line_1_5' title="bbox 272 509 632 582; baseline 0.003 -17"><span class='ocrx_word' id='word_1_20' title='bbox 272 512 382 565; x_wconf 86' lang='lat' dir='ltr'>Innltus</span> <span class='ocrx_word' id='word_1_21' title='bbox 402 514 435 565; x_wconf 90' lang='lat' dir='ltr'>ut</span> <span class='ocrx_word' id='word_1_22' title='bbox 452 509 523 565; x_wconf 85' lang='lat' dir='ltr'>flebo</span> <span class='ocrx_word' id='word_1_23' title='bbox 543 511 632 582; x_wconf 80' lang='lat' dir='ltr'>puert</span> 
     </span>
    </p>
   </div>
   <div class='ocr_carea' id='block_1_3' title="bbox 239 730 906 2237">
    <p class='ocr_par' dir='ltr' id='par_1_4' title="bbox 239 730 906 882">
     <span class='ocr_line' id='line_1_6' title="bbox 239 730 906 807; baseline -0.007 -14"><span class='ocrx_word' id='word_1_24' title='bbox 239 737 309 807; x_wconf 78' lang='lat' dir='ltr'>Quo,</span> <span class='ocrx_word' id='word_1_25' title='bbox 328 754 382 807; x_wconf 89' lang='lat' dir='ltr'>quo</span> <span class='ocrx_word' id='word_1_26' title='bbox 402 736 510 791; x_wconf 78' lang='lat' dir='ltr'>scelesti</span> <span class='ocrx_word' id='word_1_27' title='bbox 530 736 630 791; x_wconf 82' lang='lat' dir='ltr'>ruitisi</span> <span class='ocrx_word' id='word_1_28' title='bbox 649 737 765 790; x_wconf 83' lang='lat' dir='ltr'>auteur</span> <span class='ocrx_word' id='word_1_29' title='bbox 785 730 906 788; x_wconf 76' lang='lat' dir='ltr'><strong>dexteris</strong></span> 
     </span>
     <span class='ocr_line' id='line_1_7' title="bbox 274 811 676 882; baseline -0.01 -14"><span class='ocrx_word' id='word_1_30' title='bbox 274 814 416 882; x_wconf 88' lang='lat' dir='ltr'>Aptantur</span> <span class='ocrx_word' id='word_1_31' title='bbox 436 829 515 867; x_wconf 80' lang='lat' dir='ltr'>enses</span> <span class='ocrx_word' id='word_1_32' title='bbox 535 811 676 866; x_wconf 76' lang='lat' dir='ltr'>conditit&#39;</span> 
     </span>
    </p>

    <p class='ocr_par' dir='ltr' id='par_1_5' title="bbox 240 887 850 1030">
     <span class='ocr_line' id='line_1_8' title="bbox 240 887 850 957; baseline -0.01 -12"><span class='ocrx_word' id='word_1_33' title='bbox 240 887 376 945; x_wconf 80' lang='lat' dir='ltr'>Parumne</span> <span class='ocrx_word' id='word_1_34' title='bbox 394 888 497 957; x_wconf 88' lang='lat' dir='ltr'>eampis</span> <span class='ocrx_word' id='word_1_35' title='bbox 512 891 597 956; x_wconf 88' lang='lat' dir='ltr'>atque</span> <span class='ocrx_word' id='word_1_36' title='bbox 616 887 748 955; x_wconf 76' lang='lat' dir='ltr'>Neptuno</span> <span class='ocrx_word' id='word_1_37' title='bbox 768 901 850 955; x_wconf 80' lang='lat' dir='ltr'>super</span> 
     </span>
     <span class='ocr_line' id='line_1_9' title="bbox 274 962 716 1030; baseline -0.011 -12"><span class='ocrx_word' id='word_1_38' title='bbox 274 963 377 1018; x_wconf 82' lang='lat' dir='ltr'>Fusum</span> <span class='ocrx_word' id='word_1_39' title='bbox 395 966 437 1017; x_wconf 87' lang='lat' dir='ltr'>est</span> <span class='ocrx_word' id='word_1_40' title='bbox 456 962 548 1017; x_wconf 85' lang='lat' dir='ltr'>Latini</span> <span class='ocrx_word' id='word_1_41' title='bbox 568 962 716 1030; x_wconf 79' lang='lat' dir='ltr'>sanguinis,</span> 
     </span>
    </p>

    <p class='ocr_par' dir='ltr' id='par_1_6' title="bbox 242 1036 834 1183">
     <span class='ocr_line' id='line_1_10' title="bbox 242 1036 834 1107; baseline -0.005 -12"><span class='ocrx_word' id='word_1_42' title='bbox 242 1038 270 1095; x_wconf 89' lang='lat' dir='ltr'>N</span> <span class='ocrx_word' id='word_1_43' title='bbox 271 1054 306 1092; x_wconf 89' lang='lat' dir='ltr'>on</span> <span class='ocrx_word' id='word_1_44' title='bbox 324 1042 357 1093; x_wconf 91' lang='lat' dir='ltr'>ut</span> <span class='ocrx_word' id='word_1_45' title='bbox 374 1038 505 1107; x_wconf 89' lang='lat' dir='ltr'>superbas</span> <span class='ocrx_word' id='word_1_46' title='bbox 523 1037 633 1092; x_wconf 82' lang='lat' dir='ltr'>invidae</span> <span class='ocrx_word' id='word_1_47' title='bbox 654 1036 834 1106; x_wconf 71' lang='lat' dir='ltr'>Karthaginis</span> 
     </span>
     <span class='ocr_line' id='line_1_11' title="bbox 276 1113 628 1183; baseline 0.003 -16"><span class='ocrx_word' id='word_1_48' title='bbox 276 1113 413 1168; x_wconf 86' lang='lat' dir='ltr'>Romanus</span> <span class='ocrx_word' id='word_1_49' title='bbox 430 1131 508 1168; x_wconf 88' lang='lat' dir='ltr'>arees</span> <span class='ocrx_word' id='word_1_50' title='bbox 526 1117 628 1183; x_wconf 83' lang='lat' dir='ltr'>ureret,</span> 
     </span>
    </p>

    <p class='ocr_par' dir='ltr' id='par_1_7' title="bbox 241 1188 851 1333">
     <span class='ocr_line' id='line_1_12' title="bbox 241 1188 851 1245; baseline -0.003 0"><span class='ocrx_word' id='word_1_51' title='bbox 241 1188 366 1245; x_wconf 87' lang='lat' dir='ltr'>Intaetus</span> <span class='ocrx_word' id='word_1_52' title='bbox 384 1193 432 1244; x_wconf 88' lang='lat' dir='ltr'>aut</span> <span class='ocrx_word' id='word_1_53' title='bbox 450 1190 606 1244; x_wconf 81' lang='lat' dir='ltr'>Britannus</span> <span class='ocrx_word' id='word_1_54' title='bbox 617 1192 650 1244; x_wconf 87' lang='lat' dir='ltr'>ut</span> <span class='ocrx_word' id='word_1_55' title='bbox 669 1188 851 1243; x_wconf 76' lang='lat' dir='ltr'>descenderet</span> 
     </span>
     <span class='ocr_line' id='line_1_13' title="bbox 274 1264 631 1333; baseline -0.003 -14"><span class='ocrx_word' id='word_1_56' title='bbox 274 1264 358 1320; x_wconf 80' lang='lat' dir='ltr'>Sacra</span> <span class='ocrx_word' id='word_1_57' title='bbox 376 1268 518 1320; x_wconf 82' lang='lat' dir='ltr'>catenatus</span> <span class='ocrx_word' id='word_1_58' title='bbox 537 1266 588 1333; x_wconf 85' lang='lat' dir='ltr'>via,</span> <span class='ocrx_word' id='word_1_59' title='bbox 630 1286 631 1291; x_wconf 48' lang='lat'>¹</span> 
     </span>
    </p>

    <p class='ocr_par' dir='ltr' id='par_1_8' title="bbox 240 1339 852 1484">
     <span class='ocr_line' id='line_1_14' title="bbox 240 1339 852 1396; baseline -0.007 0"><span class='ocrx_word' id='word_1_60' title='bbox 240 1339 299 1396; x_wconf 73' lang='lat' dir='ltr'>Seu</span> <span class='ocrx_word' id='word_1_61' title='bbox 316 1343 349 1394; x_wconf 91' lang='lat' dir='ltr'>ut</span> <span class='ocrx_word' id='word_1_62' title='bbox 368 1342 518 1394; x_wconf 84' lang='lat' dir='ltr'>seeundum</span> <span class='ocrx_word' id='word_1_63' title='bbox 536 1346 600 1394; x_wconf 84' lang='lat' dir='ltr'>vota</span> <span class='ocrx_word' id='word_1_64' title='bbox 620 1340 785 1394; x_wconf 75' lang='lat' dir='ltr'>Parthorum</span> <span class='ocrx_word' id='word_1_65' title='bbox 803 1354 852 1392; x_wconf 86' lang='lat' dir='ltr'>sua</span> 
     </span>
     <span class='ocr_line' id='line_1_15' title="bbox 276 1415 715 1484; baseline 0.002 -16"><span class='ocrx_word' id='word_1_66' title='bbox 276 1415 351 1468; x_wconf 90' lang='lat' dir='ltr'>Urbs</span> <span class='ocrx_word' id='word_1_67' title='bbox 371 1415 439 1468; x_wconf 92' lang='lat' dir='ltr'>haee</span> <span class='ocrx_word' id='word_1_68' title='bbox 456 1416 561 1484; x_wconf 89' lang='lat' dir='ltr'>periret</span> <span class='ocrx_word' id='word_1_69' title='bbox 579 1415 715 1469; x_wconf 83' lang='lat' dir='ltr'>dexterat</span> 
     </span>
    </p>

    <p class='ocr_par' dir='ltr' id='par_1_9' title="bbox 240 1488 850 1632">
     <span class='ocr_line' id='line_1_16' title="bbox 240 1488 850 1557; baseline -0.007 -13"><span class='ocrx_word' id='word_1_70' title='bbox 240 1488 339 1557; x_wconf 83' lang='lat' dir='ltr'>Neque</span> <span class='ocrx_word' id='word_1_71' title='bbox 357 1489 402 1542; x_wconf 87' lang='lat' dir='ltr'>hic</span> <span class='ocrx_word' id='word_1_72' title='bbox 419 1490 491 1557; x_wconf 89' lang='lat' dir='ltr'>lupis</span> <span class='ocrx_word' id='word_1_73' title='bbox 509 1506 568 1543; x_wconf 89' lang='lat' dir='ltr'>mos</span> <span class='ocrx_word' id='word_1_74' title='bbox 589 1496 645 1542; x_wconf 83' lang='lat' dir='ltr'>nee&#39;</span> <span class='ocrx_word' id='word_1_75' title='bbox 656 1490 711 1543; x_wconf 86' lang='lat' dir='ltr'>fuit</span> <span class='ocrx_word' id='word_1_76' title='bbox 727 1489 850 1542; x_wconf 88' lang='lat' dir='ltr'>leonibus</span> 
     </span>
     <span class='ocr_line' id='line_1_17' title="bbox 276 1563 731 1632; baseline 0.002 -16"><span class='ocrx_word' id='word_1_77' title='bbox 276 1563 406 1630; x_wconf 88' lang='lat' dir='ltr'>Unquam</span> <span class='ocrx_word' id='word_1_78' title='bbox 425 1563 479 1618; x_wconf 88' lang='lat' dir='ltr'>nisi</span> <span class='ocrx_word' id='word_1_79' title='bbox 497 1564 526 1616; x_wconf 92' lang='lat' dir='ltr'>in</span> <span class='ocrx_word' id='word_1_80' title='bbox 545 1563 639 1632; x_wconf 88' lang='lat' dir='ltr'>dispar</span> <span class='ocrx_word' id='word_1_81' title='bbox 657 1564 731 1617; x_wconf 80' lang='lat' dir='ltr'>feris,</span> 
     </span>
    </p>

    <p class='ocr_par' dir='ltr' id='par_1_10' title="bbox 242 1637 807 1784">
     <span class='ocr_line' id='line_1_18' title="bbox 242 1637 807 1707; baseline -0.002 -15"><span class='ocrx_word' id='word_1_82' title='bbox 242 1637 367 1692; x_wconf 78' lang='lat' dir='ltr'>Furorue</span> <span class='ocrx_word' id='word_1_83' title='bbox 384 1652 487 1705; x_wconf 78' lang='lat' dir='ltr'>naeuus,</span> <span class='ocrx_word' id='word_1_84' title='bbox 505 1655 542 1692; x_wconf 92' lang='lat' dir='ltr'>an</span> <span class='ocrx_word' id='word_1_85' title='bbox 560 1639 634 1707; x_wconf 88' lang='lat' dir='ltr'>rapit</span> <span class='ocrx_word' id='word_1_86' title='bbox 651 1640 692 1693; x_wconf 83' lang='lat' dir='ltr'>vis</span> <span class='ocrx_word' id='word_1_87' title='bbox 712 1638 807 1703; x_wconf 86' lang='lat' dir='ltr'>aerior,</span> 
     </span>
     <span class='ocr_line' id='line_1_19' title="bbox 276 1712 742 1784; baseline 0.009 -18"><span class='ocrx_word' id='word_1_88' title='bbox 276 1713 322 1766; x_wconf 84' lang='lat' dir='ltr'>An</span> <span class='ocrx_word' id='word_1_89' title='bbox 341 1712 439 1782; x_wconf 82' lang='lat' dir='ltr'>culpat</span> <span class='ocrx_word' id='word_1_90' title='bbox 477 1713 648 1784; x_wconf 85' lang='lat' dir='ltr'>Responsum</span> <span class='ocrx_word' id='word_1_91' title='bbox 669 1716 742 1770; x_wconf 89' lang='lat' dir='ltr'>date.</span> 
     </span>
    </p>

    <p class='ocr_par' dir='ltr' id='par_1_11' title="bbox 241 1788 766 1938">
     <span class='ocr_line' id='line_1_20' title="bbox 241 1788 766 1860; baseline 0.008 -17"><span class='ocrx_word' id='word_1_92' title='bbox 241 1788 345 1844; x_wconf 78' lang='lat' dir='ltr'>Tacent</span> <span class='ocrx_word' id='word_1_93' title='bbox 363 1794 392 1843; x_wconf 92' lang='lat' dir='ltr'>et</span> <span class='ocrx_word' id='word_1_94' title='bbox 409 1790 488 1845; x_wconf 89' lang='lat' dir='ltr'>albus</span> <span class='ocrx_word' id='word_1_95' title='bbox 508 1808 556 1845; x_wconf 87' lang='lat' dir='ltr'>ora</span> <span class='ocrx_word' id='word_1_96' title='bbox 573 1792 661 1860; x_wconf 87' lang='lat' dir='ltr'>pallor</span> <span class='ocrx_word' id='word_1_97' title='bbox 678 1792 766 1847; x_wconf 83' lang='lat' dir='ltr'>inficit</span> 
     </span>
     <span class='ocr_line' id='line_1_21' title="bbox 279 1866 744 1938; baseline 0.006 -19"><span class='ocrx_word' id='word_1_98' title='bbox 279 1866 443 1935; x_wconf 90' lang='lat' dir='ltr'>Mentesque</span> <span class='ocrx_word' id='word_1_99' title='bbox 462 1869 603 1936; x_wconf 81' lang='lat' dir='ltr'>perculsae</span> <span class='ocrx_word' id='word_1_100' title='bbox 622 1872 744 1938; x_wconf 87' lang='lat' dir='ltr'>stupent.</span> 
     </span>
    </p>

    <p class='ocr_par' dir='ltr' id='par_1_12' title="bbox 241 1940 821 2088">
     <span class='ocr_line' id='line_1_22' title="bbox 241 1940 821 2011; baseline 0 -14"><span class='ocrx_word' id='word_1_101' title='bbox 241 1940 288 1997; x_wconf 75' lang='lat' dir='ltr'>sie</span> <span class='ocrx_word' id='word_1_102' title='bbox 308 1946 367 1997; x_wconf 86' lang='lat' dir='ltr'>est:</span> <span class='ocrx_word' id='word_1_103' title='bbox 386 1943 486 1997; x_wconf 79' lang='lat' dir='ltr'>acerba</span> <span class='ocrx_word' id='word_1_104' title='bbox 504 1944 561 1998; x_wconf 83' lang='lat' dir='ltr'>fata</span> <span class='ocrx_word' id='word_1_105' title='bbox 580 1943 718 1998; x_wconf 56' lang='lat' dir='ltr'>&amp;manos</span> <span class='ocrx_word' id='word_1_106' title='bbox 735 1945 821 2011; x_wconf 84' lang='lat' dir='ltr'>agunt</span> 
     </span>
     <span class='ocr_line' id='line_1_23' title="bbox 277 2016 682 2088; baseline 0.007 -17"><span class='ocrx_word' id='word_1_107' title='bbox 277 2016 425 2087; x_wconf 80' lang='lat' dir='ltr'>Scelusque</span> <span class='ocrx_word' id='word_1_108' title='bbox 443 2019 583 2073; x_wconf 81' lang='lat' dir='ltr'>fraternae</span> <span class='ocrx_word' id='word_1_109' title='bbox 600 2021 682 2088; x_wconf 85' lang='lat' dir='ltr'>neeis,</span> 
     </span>
    </p>

    <p class='ocr_par' dir='ltr' id='par_1_13' title="bbox 243 2091 873 2237">
     <span class='ocr_line' id='line_1_24' title="bbox 243 2091 873 2164; baseline -0.002 -16"><span class='ocrx_word' id='word_1_110' title='bbox 243 2092 285 2148; x_wconf 90' lang='lat' dir='ltr'>Ut</span> <span class='ocrx_word' id='word_1_111' title='bbox 301 2092 472 2148; x_wconf 75' lang='lat' dir='ltr'>immerentis</span> <span class='ocrx_word' id='word_1_112' title='bbox 490 2095 570 2148; x_wconf 85' lang='lat' dir='ltr'>fluxit</span> <span class='ocrx_word' id='word_1_113' title='bbox 589 2095 618 2149; x_wconf 89' lang='lat' dir='ltr'>in</span> <span class='ocrx_word' id='word_1_114' title='bbox 636 2099 740 2149; x_wconf 89' lang='lat' dir='ltr'>terram</span> <span class='ocrx_word' id='word_1_115' title='bbox 759 2091 838 2148; x_wconf 86' lang='lat' dir='ltr'>Remi</span> <span class='ocrx_word' id='word_1_116' title='bbox 868 2154 873 2164; x_wconf 51' lang='lat'><strong><em>‚</em></strong></span> 
     </span>
     <span class='ocr_line' id='line_1_25' title="bbox 276 2166 626 2237; baseline 0.009 -16"><span class='ocrx_word' id='word_1_117' title='bbox 276 2166 360 2221; x_wconf 80' lang='lat' dir='ltr'>Sacer</span> <span class='ocrx_word' id='word_1_118' title='bbox 377 2168 522 2237; x_wconf 86' lang='lat' dir='ltr'>nepotibus</span> <span class='ocrx_word' id='word_1_119' title='bbox 538 2186 626 2225; x_wconf 85' lang='lat' dir='ltr'>eruor.</span> 
     </span>
    </p>
   </div>
   <div class='ocr_carea' id='block_1_4' title="bbox 527 2306 614 2361">
    <p class='ocr_par' dir='ltr' id='par_1_14' title="bbox 527 2306 614 2361">
     <span class='ocr_line' id='line_1_26' title="bbox 527 2306 614 2361; baseline 0.023 -2"><span class='ocrx_word' id='word_1_120' title='bbox 527 2306 614 2361; x_wconf 85' lang='lat' dir='ltr'><strong>VIII.</strong></span> 
     </span>
    </p>
   </div>
   <div class='ocr_carea' id='block_1_5' title="bbox 171 2386 844 2824">
    <p class='ocr_par' dir='ltr' id='par_1_15' title="bbox 171 2386 770 2458">
     <span class='ocr_line' id='line_1_27' title="bbox 171 2386 770 2458; baseline -0.008 -12"><span class='ocrx_word' id='word_1_121' title='bbox 171 2441 174 2446; x_wconf 91' lang='lat'>.</span> <span class='ocrx_word' id='word_1_122' title='bbox 243 2388 362 2443; x_wconf 63' lang='lat' dir='ltr'>Menan</span> <span class='ocrx_word' id='word_1_123' title='bbox 382 2386 464 2454; x_wconf 86' lang='lat' dir='ltr'>longo</span> <span class='ocrx_word' id='word_1_124' title='bbox 480 2388 607 2457; x_wconf 80' lang='lat' dir='ltr'>putidam</span> <span class='ocrx_word' id='word_1_125' title='bbox 624 2391 655 2443; x_wconf 93' lang='lat' dir='ltr'>te</span> <span class='ocrx_word' id='word_1_126' title='bbox 673 2388 770 2458; x_wconf 82' lang='lat' dir='ltr'>seculo,</span> 
     </span>
    </p>

    <p class='ocr_par' dir='ltr' id='par_1_16' title="bbox 239 2461 687 2531">
     <span class='ocr_line' id='line_1_28' title="bbox 239 2461 687 2531; baseline 0.009 -16"><span class='ocrx_word' id='word_1_127' title='bbox 239 2461 243 2466; x_wconf 83' lang='lat'>&#39;</span> <span class='ocrx_word' id='word_1_128' title='bbox 277 2463 358 2516; x_wconf 87' lang='lat' dir='ltr'>Vires</span> <span class='ocrx_word' id='word_1_129' title='bbox 377 2462 445 2531; x_wconf 88' lang='lat' dir='ltr'>quid</span> <span class='ocrx_word' id='word_1_130' title='bbox 464 2467 578 2517; x_wconf 84' lang='lat' dir='ltr'>enervet</span> <span class='ocrx_word' id='word_1_131' title='bbox 595 2469 687 2519; x_wconf 85' lang='lat' dir='ltr'>meas!</span> 
     </span>
    </p>

    <p class='ocr_par' dir='ltr' id='par_1_17' title="bbox 241 2539 844 2683">
     <span class='ocr_line' id='line_1_29' title="bbox 241 2539 844 2608; baseline -0.002 -13"><span class='ocrx_word' id='word_1_132' title='bbox 241 2539 313 2595; x_wconf 75' lang='lat' dir='ltr'>(ium</span> <span class='ocrx_word' id='word_1_133' title='bbox 333 2539 369 2593; x_wconf 90' lang='lat' dir='ltr'>sit</span> <span class='ocrx_word' id='word_1_134' title='bbox 386 2539 438 2592; x_wconf 90' lang='lat' dir='ltr'>tibi</span> <span class='ocrx_word' id='word_1_135' title='bbox 456 2539 525 2593; x_wconf 87' lang='lat' dir='ltr'>dens</span> <span class='ocrx_word' id='word_1_136' title='bbox 543 2544 604 2593; x_wconf 88' lang='lat' dir='ltr'>ater</span> <span class='ocrx_word' id='word_1_137' title='bbox 620 2543 652 2593; x_wconf 93' lang='lat' dir='ltr'>et</span> <span class='ocrx_word' id='word_1_138' title='bbox 669 2539 745 2608; x_wconf 86' lang='lat' dir='ltr'>rugis</span> <span class='ocrx_word' id='word_1_139' title='bbox 764 2542 844 2594; x_wconf 74' lang='lat' dir='ltr'>vetus</span> 
     </span>
     <span class='ocr_line' id='line_1_30' title="bbox 278 2615 701 2683; baseline 0.012 -16"><span class='ocrx_word' id='word_1_140' title='bbox 278 2615 409 2669; x_wconf 82' lang='lat' dir='ltr'>Frontem</span> <span class='ocrx_word' id='word_1_141' title='bbox 427 2619 554 2670; x_wconf 82' lang='lat' dir='ltr'>senectus</span> <span class='ocrx_word' id='word_1_142' title='bbox 572 2621 674 2683; x_wconf 83' lang='lat' dir='ltr'>exaret,</span> <span class='ocrx_word' id='word_1_143' title='bbox 698 2668 701 2672; x_wconf 76' lang='grc'>,</span> 
     </span>
    </p>

    <p class='ocr_par' dir='ltr' id='par_1_18' title="bbox 243 2689 776 2824">
     <span class='ocr_line' id='line_1_31' title="bbox 243 2689 776 2760; baseline 0.006 -16"><span class='ocrx_word' id='word_1_144' title='bbox 243 2689 367 2759; x_wconf 87' lang='lat' dir='ltr'>Hietque</span> <span class='ocrx_word' id='word_1_145' title='bbox 386 2691 476 2760; x_wconf 89' lang='lat' dir='ltr'>turpis</span> <span class='ocrx_word' id='word_1_146' title='bbox 493 2692 567 2745; x_wconf 87' lang='lat' dir='ltr'>inter</span> <span class='ocrx_word' id='word_1_147' title='bbox 586 2692 678 2746; x_wconf 82' lang='lat' dir='ltr'>aridas</span> <span class='ocrx_word' id='word_1_148' title='bbox 696 2694 776 2748; x_wconf 85' lang='lat' dir='ltr'>nates</span> 
     </span>
     <span class='ocr_line' id='line_1_32' title="bbox 278 2765 695 2824; baseline 0.012 -5"><span class='ocrx_word' id='word_1_149' title='bbox 278 2765 374 2819; x_wconf 83' lang='lat' dir='ltr'>Podex</span> <span class='ocrx_word' id='word_1_150' title='bbox 394 2768 470 2821; x_wconf 89' lang='lat' dir='ltr'>velut</span> <span class='ocrx_word' id='word_1_151' title='bbox 488 2768 591 2822; x_wconf 80' lang='lat' dir='ltr'>crudae</span> <span class='ocrx_word' id='word_1_152' title='bbox 609 2768 695 2824; x_wconf 79' lang='lat' dir='ltr'>beris.</span> 
     </span>
    </p>
   </div>
   <div class='ocr_carea' id='block_1_6' title="bbox 243 2840 918 3292">
    <p class='ocr_par' dir='ltr' id='par_1_19' title="bbox 243 2840 918 2993">
     <span class='ocr_line' id='line_1_33' title="bbox 243 2840 918 2914; baseline 0 -17"><span class='ocrx_word' id='word_1_153' title='bbox 243 2840 301 2897; x_wconf 77' lang='lat' dir='ltr'>Sed</span> <span class='ocrx_word' id='word_1_154' title='bbox 319 2841 417 2897; x_wconf 83' lang='lat' dir='ltr'>incitat</span> <span class='ocrx_word' id='word_1_155' title='bbox 435 2859 480 2898; x_wconf 91' lang='lat' dir='ltr'>me</span> <span class='ocrx_word' id='word_1_156' title='bbox 497 2847 594 2912; x_wconf 87' lang='lat' dir='ltr'>peetus</span> <span class='ocrx_word' id='word_1_157' title='bbox 615 2849 645 2900; x_wconf 91' lang='lat' dir='ltr'>et</span> <span class='ocrx_word' id='word_1_158' title='bbox 662 2860 796 2900; x_wconf 89' lang='lat' dir='ltr'>mammae</span> <span class='ocrx_word' id='word_1_159' title='bbox 814 2846 918 2914; x_wconf 87' lang='lat' dir='ltr'>putres,</span> 
     </span>
     <span class='ocr_line' id='line_1_34' title="bbox 280 2918 616 2993; baseline 0.009 -23"><span class='ocrx_word' id='word_1_160' title='bbox 280 2918 388 2986; x_wconf 78' lang='lat' dir='ltr'>Equina</span> <span class='ocrx_word' id='word_1_161' title='bbox 407 2920 503 2988; x_wconf 86' lang='lat' dir='ltr'>quales</span> <span class='ocrx_word' id='word_1_162' title='bbox 522 2920 616 2993; x_wconf 86' lang='lat' dir='ltr'>ubera,</span> 
     </span>
    </p>

    <p class='ocr_par' dir='ltr' id='par_1_20' title="bbox 245 2992 854 3126">
     <span class='ocr_line' id='line_1_35' title="bbox 245 2992 854 3063; baseline 0.005 -17"><span class='ocrx_word' id='word_1_163' title='bbox 245 2992 405 3063; x_wconf 86' lang='lat' dir='ltr'>Venterque</span> <span class='ocrx_word' id='word_1_164' title='bbox 423 2996 513 3049; x_wconf 88' lang='lat' dir='ltr'>mollis</span> <span class='ocrx_word' id='word_1_165' title='bbox 532 3000 561 3049; x_wconf 91' lang='lat' dir='ltr'>et</span> <span class='ocrx_word' id='word_1_166' title='bbox 579 2998 668 3050; x_wconf 87' lang='lat' dir='ltr'>femur</span> <span class='ocrx_word' id='word_1_167' title='bbox 685 2996 854 3052; x_wconf 84' lang='lat' dir='ltr'>tumentibus</span> 
     </span>
     <span class='ocr_line' id='line_1_36' title="bbox 281 3069 604 3126; baseline 0.012 -4"><span class='ocrx_word' id='word_1_168' title='bbox 281 3069 360 3125; x_wconf 84' lang='lat' dir='ltr'>Itxile</span> <span class='ocrx_word' id='word_1_169' title='bbox 381 3071 452 3124; x_wconf 88' lang='lat' dir='ltr'>suris</span> <span class='ocrx_word' id='word_1_170' title='bbox 470 3071 604 3126; x_wconf 89' lang='lat' dir='ltr'>additum.</span> 
     </span>
    </p>

    <p class='ocr_par' dir='ltr' id='par_1_21' title="bbox 247 3143 779 3292">
     <span class='ocr_line' id='line_1_37' title="bbox 247 3143 779 3217; baseline 0.008 -19"><span class='ocrx_word' id='word_1_171' title='bbox 247 3143 315 3198; x_wconf 79' lang='lat' dir='ltr'>Fato</span> <span class='ocrx_word' id='word_1_172' title='bbox 333 3144 423 3214; x_wconf 82' lang='lat' dir='ltr'>beata,</span> <span class='ocrx_word' id='word_1_173' title='bbox 441 3147 523 3200; x_wconf 87' lang='lat' dir='ltr'>funus</span> <span class='ocrx_word' id='word_1_174' title='bbox 542 3150 627 3216; x_wconf 88' lang='lat' dir='ltr'>atque</span> <span class='ocrx_word' id='word_1_175' title='bbox 646 3147 779 3217; x_wconf 82' lang='lat' dir='ltr'>imagines</span> 
     </span>
     <span class='ocr_line' id='line_1_38' title="bbox 282 3217 692 3292; baseline 0.01 -19"><span class='ocrx_word' id='word_1_176' title='bbox 282 3217 391 3275; x_wconf 82' lang='lat' dir='ltr'>Ducant</span> <span class='ocrx_word' id='word_1_177' title='bbox 407 3221 589 3292; x_wconf 84' lang='lat' dir='ltr'>triumphales</span> <span class='ocrx_word' id='word_1_178' title='bbox 606 3225 692 3292; x_wconf 86' lang='lat' dir='ltr'>tuum,</span> 
     </span>
    </p>
   </div>
   <div class='ocr_carea' id='block_1_7' title="bbox 0 0 1148 3550">
    <p class='ocr_par' dir='ltr' id='par_1_22' title="bbox 0 0 1148 3550">
     <span class='ocr_line' id='line_1_39' title="bbox 0 0 1148 3550; baseline 0 0"><span class='ocrx_word' id='word_1_179' title='bbox 0 0 1148 3550; x_wconf 95' lang='lat' dir='ltr'> </span> 
     </span>
    </p>
   </div>
  </div>
 </body>
</html>
