2275 3550
119 194 150 241 84

380 190 585 240 OARMINUM
598 189 650 240 IV.
668 144 707 241 lx&

251 272 306 325 Per
324 287 392 340 qnos
410 271 538 325 Latinum
555 288 655 326 nomen
673 275 704 326 et
721 273 811 328 Italae

251 346 369 401 Orevere
385 343 457 400 vires
474 347 601 415 famaque
619 348 648 400 et
665 347 763 415 imperi

285 421 416 475 Porrecto
432 421 564 490 majestas
582 422 619 476 ad
636 426 713 475 ortus

318 495 389 549 Solis
406 495 442 550 ab
461 497 598 566 Hesperio
615 497 713 551 cubili.-

170 606 173 611 ·
250 570 481 625 Custodeuerum
500 574 619 626 Caesare
634 589 690 631 non
705 572 782 628 furor

249 645 344 701 Civilis
360 650 410 700 aut
426 648 468 700 vis
485 648 580 716 exiget
595 647 690 715 otium,

283 722 347 775 Non
365 722 407 776 ira
424 739 495 791 quae
511 723 640 791 procudit
656 739 737 778 enses

319 797 357 850 m
373 798 487 851 miseras
504 798 627 852 inimicat
643 798 733 852 nrbes.

249 871 275 926 N
277 888 312 925 on
330 872 377 940 qui
394 872 558 940 profundum
577 872 733 928 Danubium
750 874 851 931 bibunt

247 946 347 1001 Edicta
363 950 491 1015 rumpent
507 948 527 1001 J
529 947 591 1015 ulia,
609 964 664 1001 uon
682 949 776 1018 Getae,

281 1022 345 1077 Non
363 1021 443 1076 Seres
460 1022 572 1076 infidive
591 1024 700 1091 Persae,

262 1137 266 1149 ,
315 1097 379 1150 Non
397 1096 501 1150 Tanain
519 1114 606 1167 prope
623 1098 725 1153 flumen
742 1099 804 1153 orti.

246 1172 274 1226 N
275 1188 360 1242 osque
377 1175 407 1226 et
423 1173 551 1240 profestis
567 1173 675 1228 lucibus
691 1177 722 1228 et
739 1175 823 1228 seems

247 1247 327 1302 luter
338 1246 428 1315 jocosi
444 1264 559 1302 munero
576 1248 671 1304 Liberi
768 1248 773 1256 “

265 1322 353 1389 x(ium
369 1323 446 1391 prole
462 1324 651 1395 matronisque
668 1324 777 1391 nostris,

315 1397 380 1450 Rite
397 1397 464 1451 deos
480 1400 557 1467 prius
574 1400 721 1469 appreoeti

245 1472 359 1525 Virtute
375 1472 481 1526 iunctos
499 1489 576 1527 more
593 1478 703 1541 potrum
720 1472 805 1530 duces

245 1546 330 1615 Lydis
347 1547 464 1600 remixto
482 1548 600 1601 carmine
617 1547 694 1602 tibiis

279 1621 442 1690 'frojamque
460 1626 489 1676 et
507 1623 647 1677 Anchisen
664 1626 694 1676 et
711 1622 799 1678 almae

313 1697 476 1767 Progeniem
493 1698 612 1754 Veneris
628 1713 766 1752 canemus.
