2275 3550
435 222 640 274 GARMINUM
657 224 709 274 111.
727 226 767 273 25.
995 226 1026 273 63

309 307 363 363 Vol
380 322 429 359 nos
447 305 477 357 in
494 321 570 359 11111
587 304 742 374 proximum

287 436 295 459 x
343 383 475 437 Gemmas
492 383 522 433 et
537 380 644 450 lapides
662 395 759 432 111111
778 383 807 433 11
824 379 928 449 inutile,

308 457 414 514 Summi
432 457 576 509 materiem
593 455 666 522 mali,

343 531 490 587 Mittamus
508 531 643 584 scelerum
661 528 772 583 sibene
789 531 920 599 poenitet.
1002 550 1026 588 co

308 607 457 662 Eradendu
473 606 612 674 cupidinis

342 683 425 739 Pravi
442 684 509 736 sunt
526 681 669 748 elementa,
689 682 718 734 et
735 683 848 735 tenerae
865 682 948 737 nimis

191 784 193 788 ·
307 758 419 813 Mentes
435 756 622 826 asperioribus

342 829 515 888 Formandee
532 831 641 889 studiis
676 830 772 885 Nescit
789 848 860 901 equo
877 832 954 886 rudis

306 907 433 962 Haerere
450 909 585 976 ingenuus
602 922 672 975 puer
1002 922 1026 963 11

293 1052 296 1057 7
341 985 499 1053 Venerique
515 982 607 1050 timet,
625 981 723 1036 ludere
740 981 854 1050 doctior,

306 1058 363 1113 Seu
380 1059 486 1113 Graeco
499 1058 600 1128 jubeas
618 1056 714 1112 trocho

341 1133 397 1188 Seu
413 1135 492 1189 malls
509 1134 597 1188 vetita
613 1133 722 1201 legibue
739 1132 806 1201 alea,

307 1208 378 1264 eum
395 1209 509 1278 perjure
525 1208 615 1277 patris
633 1209 704 1262 fides
791 1237 795 1245 ·

343 1285 512 1338 (tonsorem
523 1283 627 1337 socium
644 1284 723 1338 fallat
739 1286 770 1338 et
786 1283 922 1354 hospitem
1000 1302 1024 1343 oo

307 1358 481 1428 indignoque
498 1359 643 1428 pecuniam

341 1434 447 1489 Heredi
464 1439 627 1503 properet
638 1434 748 1490 Scilicet
764 1435 905 1509 improhpe

306 1510 442 1566 Crescunt
458 1510 591 1577 divitia03
610 1515 703 1565 tamen

261 1654 264 1660 .
339 1586 441 1641 (111111
457 1587 549 1661 nescio
566 1586 635 1656 quid
651 1603 762 1657 semper
778 1586 859 1642 abest
875 1593 924 1642 rei.

547 1726 637 1783 XXV.

304 1809 436 1876 11111111,
456 1809 572 1877 Bacche,
590 1811 664 1879 rapis
681 1812 723 1865 tui

339 1886 472 1939 Plenuml
485 1902 556 1953 quae
565 1902 677 1938 nemora
683 1889 731 1939 111
738 1901 807 1954 quos
814 1887 914 1955 egerin
923 1902 1020 1957 specus

303 1957 393 2014 Velox
410 1964 505 2014 mente
522 1962 609 2014 novel
628 1960 728 2028 quibus
1065 1963 1070 1974 '

341 2036 440 2089 Antris
458 2035 563 2103 egregii
582 2035 706 2089 Caesarie
723 2035 819 2091 audiar

304 2111 458 2164 Aeternum
475 2110 612 2164 meditans
630 2111 713 2165 decim
767 2112 769 2115 ’
1009 2131 1021 2170 c

338 2186 432 2241 Stellio
449 2187 569 2240 inserere
588 2189 617 2240 et
634 2187 744 2241 consilio
763 2188 863 2245 Jorisl
961 2223 965 2232 ·

302 2261 400 2317 Dicam
418 2262 524 2331 insigne
542 2278 637 2317 recens
654 2263 745 2317 adhuc

337 2338 476 2393 Indicium
494 2355 541 2391 ore
557 2338 618 2394 alio.
653 2338 680 2392 N
681 2355 717 2392 on
735 2354 813 2393 secus
829 2340 858 2394 in
871 2341 948 2410 jugie

302 2413 448 2468 lesonrnis
467 2418 562 2482 stupet
579 2414 663 2467 Euius

337 2489 465 2544 Hebrum
482 2490 651 2557 prospiciens
668 2491 699 2544 et
714 2489 778 2544 nive
795 2490 944 2546 candidam
999 2515 1020 2547 11

301 2562 426 2619 Thracen
442 2581 475 2618 11
491 2564 563 2633 pede
580 2564 698 2618 barbaro

335 2640 494 2696 Lustralem
512 2639 673 2709 Rhodopen,
689 2644 722 2694 ut
739 2641 808 2695 mihi
825 2640 905 2696 devio

302 2713 389 2784 Ripae
407 2720 437 2770 et
454 2732 570 2769 vacuum
587 2732 686 2769 nemus

335 2791 433 2845 Mirari
450 2791 526 2845 libet.
562 2791 587 2844 Ο
606 2790 745 2845 Naiadum
762 2794 861 2861 potens

303 2863 528 2936 Baccharumque
545 2867 695 2921 valentium
996 2883 1019 2924 ¹5

336 2941 467 2995 Procerus
483 2942 609 2995 manibus
626 2947 736 2997 vertere
752 2943 881 3012 fraxinos,

301 3015 349 3069 Nil
365 3032 481 3084 parvum
498 3021 547 3071 aut
564 3017 661 3071 humili
678 3019 767 3085 modo,

335 3091 384 3145 Nil
400 3092 515 3146 mortale
531 3093 634 3162 loquar.
670 3093 757 3147 Dulce
774 3093 926 3162 periculum
943 3098 993 3161 eet,

301 3165 326 3219 0
345 3167 461 3234 Lenaee,
480 3168 558 3236 sequi
577 3168 659 3222 deum

336 3241 500 3309 (lingentem
517 3242 601 3296 viridi
617 3247 744 3312 tempora
759 3243 894 3312 pampino.
993 3260 1017 3299 11
