2275 3550
453 487 729 558 SATIRARUM

348 721 510 782 LIBER
544 721 829 782 SECUNDUS.

575 963 591 1017 I

163 1047 261 1104 “Sunr
279 1048 378 1119 quibus
394 1049 424 1103 in
442 1048 527 1103 satira
543 1048 641 1103 videor
657 1046 740 1101 nimis
757 1062 821 1100 acer
838 1048 868 1099 et
884 1046 959 1101 ultra

162 1122 267 1192 Legem
284 1118 399 1179 tendere
416 1141 499 1195 opus;
516 1124 576 1177 sine
592 1123 684 1177 nervis
701 1123 789 1176 altera
805 1121 941 1191 quidquid

163 1199 309 1270 Composui
325 1217 389 1269 pars
407 1216 467 1254 esse
484 1203 573 1269 putat,
592 1199 748 1266 similesque
765 1213 888 1252 meorum

162 1274 241 1329 Mille
259 1276 305 1330 die
322 1292 417 1329 versus
435 1276 533 1330 deduci
551 1291 638 1343 posse.
673 1273 793 1342 Trebati,

163 1350 236 1415 Quid
243 1352 339 1405 faciam
346 1352 521 1420 praescribe?
532 1352 545 1379 ‘⁶
553 1351 704 1415 Quiescas''
714 1351 730 1377 “
737 1351 781 1406 Ne
787 1349 1014 1422 saciaminquias

162 1425 280 1481 Omnino
298 1444 392 1481 versus
402 1428 426 1482 P’
457 1427 555 1480 “Aio'’
586 1427 725 1480 “Peream
742 1426 814 1480 male
831 1427 854 1479 si
871 1442 926 1480 non

162 1500 303 1570 Optimum
320 1507 397 1557 erat:
415 1519 510 1557 renim
527 1518 635 1572 nequeo
653 1501 795 1556 dormire.’'
827 1502 901 1555 “Ter
918 1503 995 1558 uncti

162 1576 329 1632 Transnanto
348 1578 468 1632 Tiberim
486 1595 580 1632 somno
598 1578 698 1647 quibus
715 1582 758 1633 est
776 1594 843 1647 opus
860 1578 923 1647 alto,

162 1651 354 1723 Irriguumque
371 1671 447 1708 mero
466 1654 516 1708 sub
533 1659 643 1708 noctem
660 1669 758 1723 corpus
775 1653 903 1709 habenta.

161 1728 221 1784 Aut
238 1730 262 1784 si
280 1734 373 1786 tantus
391 1747 467 1785 amor
484 1730 622 1785 scribendi
639 1732 670 1784 te
687 1730 761 1799 rapit
778 1729 851 1784 aude
995 1750 1017 1789 lo

161 1805 285 1860 (laeseris
301 1807 396 1860 invicti
413 1823 458 1860 res
476 1807 576 1872 dicere,
595 1807 682 1859 multa
698 1805 823 1858 laborum

161 1880 287 1935 Praemia
304 1882 430 1935 laturus”
461 1880 630 1950 “cupidum
646 1884 727 1949 pater
745 1881 854 1949 optime,
871 1882 945 1936 vires

161 1954 317 2011 Deficiunt:
334 1972 424 2025 neque
442 1956 515 2009 enim
533 1956 622 2024 quivis
639 1955 780 2010 horrentia
796 1955 858 2023 pilis

162 2032 282 2100 Agmina
298 2049 349 2087 nec
365 2032 454 2085 fracta
470 2034 619 2099 pereuntes
636 2031 749 2099 cuspide
767 2030 860 2083 Gallos

161 2107 221 2162 Aur
237 2107 354 2162 labentis
372 2124 442 2176 equo
460 2106 599 2161 describat
615 2107 729 2160 vulnera
748 2106 866 2159 Parthi?
993 2120 1017 2162 ιε

162 2183 176 2211 “
184 2184 318 2238 Attamen
335 2187 365 2237 et
379 2183 487 2251 justum
504 2187 617 2252 poteras
635 2185 664 2236 et
681 2182 802 2236 seribere
819 2181 927 2251 fortem,

161 2258 315 2329 Scipiadam
332 2263 365 2314 ut
382 2260 490 2329 sapiens
510 2258 653 2313 Lucilius.''
690 2258 798 2312 “Haud
814 2258 882 2311 mihi
900 2258 985 2313 deero

161 2334 230 2390 curn
247 2352 292 2390 res
310 2336 370 2406 ipsa
386 2335 465 2390 feret.
500 2335 562 2389 Nisi
581 2336 680 2388 dextro
697 2337 822 2402 tempore
840 2334 930 2388 Flacci

160 2409 254 2467 Verba
270 2429 320 2481 per.
337 2415 472 2466 attentam
489 2427 543 2465 uon
560 2410 642 2464 ibunt
658 2408 785 2464 Caesaris
802 2426 905 2475 aurem,

161 2485 212 2541 (lui
229 2489 299 2542 male
317 2488 340 2541 si
357 2488 470 2557 palpere
487 2487 644 2541 recalcitrat
661 2486 783 2554 undique
799 2484 900 2539 tuus?
989 2500 1014 2540 ao

160 2561 291 2627 “Quanto
309 2565 410 2618 rectius
427 2564 478 2617 hoc
497 2579 580 2632 quam
596 2561 672 2615 tristi
688 2561 799 2615 laedere
816 2577 898 2615 versu

160 2637 353 2694 Pantolabum
369 2656 502 2693 scurram
519 2639 788 2703 Nomentanumque
804 2642 938 2704 nepotem,

161 2714 230 2768 (lum
242 2714 294 2768 sibi
306 2716 421 2784 quisque
430 2715 518 2781 timet,
527 2729 692 2783 quamquam
702 2716 746 2765 est
754 2711 880 2777 intactus,
889 2714 918 2764 et
926 2711 1012 2765 odill'

161 2789 177 2817 ‘⁴
185 2790 258 2854 Quid
275 2791 388 2844 faciaml
424 2790 513 2844 Saltat
531 2789 670 2856 Milonius,
688 2791 722 2842 ut
739 2786 829 2841 semel.
841 2787 896 2841 icta

161 2865 286 2920 Accessit
303 2866 393 2919 fervor
410 2865 493 2933 capiti
510 2881 696 2932 numerusque
713 2864 839 2917 lucernis.
989 2876 1013 2917 aa

161 2941 259 2996 Castor
275 2940 378 3009 gaudet
396 2940 480 3009 equis,
499 2956 549 2993 ovo
566 2943 715 3007 prognatus
733 2939 830 2992 eodem

160 3016 280 3084 Pugnis3
298 3019 365 3085 quot
381 3016 500 3084 capitum
518 3015 620 3087 vivunt,
638 3014 755 3068 totidem
773 3011 925 3066 studiorum

160 3091 264 3147 Millia:
282 3108 326 3145 me
342 3091 460 3159 pedibus
478 3090 599 3144 delectat
616 3090 743 3143 claudere
761 3086 845 3141 verba

160 3168 247 3222 Lucili
263 3169 320 3222 ritu
337 3171 464 3220 nostruin
478 3166 599 3218 melioris
616 3169 741 3232 utroque.

160 3243 213 3296 llle
230 3244 306 3297 velut
322 3241 388 3297 fidis
402 3256 501 3295 areana
518 3239 657 3293 sodalibus
675 3239 738 3292 olim
