2275 3550
133 206 179 254 168
407 200 562 250 HORATII
578 198 709 248 FLAOOI

132 283 343 352 Designatorem
360 279 472 336 decorat
489 278 631 334 lictoribus
648 278 724 346 atris,

132 358 206 413 Dum
223 358 318 429 pueris
334 357 421 411 omnis
438 360 519 426 pater
536 359 565 409 et
585 355 736 409 matercula
749 353 844 425 pallet,

132 435 313 503 officiosaque
331 432 463 487 sedulitas
482 435 511 485 et
529 430 619 499 opella
636 430 751 484 forensis

134 510 258 565 Adducit
274 508 367 563 febres
385 512 415 562 et
431 511 598 562 testamenta
615 506 745 574 resignat.

134 586 238 652 Quodsi
254 584 352 639 bruma
369 583 446 638 nives
464 582 580 637 Albanis
597 582 686 636 illinet
703 581 784 649 agris,
966 598 992 640 m

134 661 183 715 Ad
199 677 275 715 mare
293 659 444 713 descendet
461 662 538 712 vates
555 662 621 711 tuns
639 661 670 711 et
687 656 740 710 sibi
757 660 852 725 parcet
884 693 886 696 .

134 737 351 805 Contractusque
369 735 458 803 leget;
475 737 511 801 te,
529 733 616 786 dulcis
635 732 728 798 amice,
746 733 848 787 reviset

134 813 205 867 (lum
222 812 361 881 Zephyris,
379 812 402 865 si
420 809 559 875 concedes
577 811 607 862 et
624 808 769 861 hirundine
786 808 883 876 prima

134 888 161 942 N
162 905 197 942 on
216 904 270 956 quo
287 903 362 940 more
380 886 448 956 piris
465 885 539 939 vesci
558 883 681 949 Calaber,
683 883 767 952 jubet
783 884 883 953 hospes

134 965 176 1018 Tu
192 980 237 1017 me
253 963 343 1017 fecisti
361 961 531 1031 locupletent
568 958 830 1013 “Vesceresodes.’'
966 974 991 1015 rs

135 1040 174 1093 “J
175 1057 219 1094 am
231 1039 298 1093 satis
310 1039 374 1092 est.”
399 1039 459 1090 “At
470 1040 502 1090 tu
514 1037 648 1104 quantum
656 1034 698 1087 vis
709 1034 799 1089 tolle.’'
821 1035 990 1101 “Benigne''

134 1115 181 1169 “N
182 1132 217 1170 on
234 1114 321 1168 invisa
338 1114 412 1167 feres
428 1111 522 1182 pueris
539 1110 700 1164 munusculo
716 1110 831 1179 parvis.'’

135 1192 222 1245 “Tam
238 1194 336 1245 teneor
354 1189 434 1257 dono,
451 1203 533 1257 quam
551 1186 576 1239 si
594 1185 719 1239 dimittar
736 1186 872 1240 onustus.”

135 1267 196 1321 “Ut
213 1266 296 1332 libet3
313 1265 382 1319 haec
398 1264 488 1333 porcis
505 1261 588 1315 hodie
606 1261 776 1315 comedenda
793 1262 959 1332 relinques'’⁸

72 1382 75 1388 ·
135 1343 272 1410 Prodigus
289 1344 319 1395 et
337 1340 439 1395 stultus
457 1339 542 1392 donat
560 1353 632 1405 quae
649 1336 756 1406 spernit
773 1340 802 1391 et
822 1338 895 1403 odit3
964 1354 989 1393 so

136 1419 213 1472 Haec
231 1433 309 1485 seges
326 1416 448 1484 ingratos
465 1414 531 1468 tulit
548 1416 578 1467 et
594 1412 668 1466 feret
684 1412 810 1466 omnibus
827 1414 913 1469 annis.

135 1493 187 1546 Vir
204 1492 291 1546 bonus
310 1494 341 1545 et
358 1490 468 1559 sapiens
485 1488 576 1556 dignis
594 1489 634 1541 ait
652 1504 712 1541 esse
729 1492 849 1557 paratus,

89 1575 94 1586 '
135 1568 162 1622 N
164 1585 195 1623 ec
212 1572 305 1622 tamen
324 1566 432 1634 ignorat
450 1564 517 1634 quid
536 1563 641 1617 distent
659 1580 723 1616 aera
740 1564 852 1633 lupinis:

135 1644 256 1712 Dignum
274 1640 420 1712 praestabo
438 1657 482 1694 me
500 1639 586 1693 etiam
602 1656 653 1707 pro
672 1638 753 1693 laude
770 1639 908 1695 merentis.

136 1718 241 1786 Quodsi
258 1735 303 1773 me
320 1717 396 1771 noles
414 1732 529 1786 usquam
549 1714 699 1782 discedere,
717 1714 819 1769 reddes
964 1729 989 1770 2⁵

136 1797 221 1852 Forte
237 1796 317 1865 latus,
335 1795 428 1863 nigros
445 1795 562 1862 angusta
579 1793 669 1846 fronte
687 1791 814 1860 capillos,-
884 1803 890 1814 ’

137 1873 248 1928 Reddes
267 1872 348 1927 dulce
366 1870 448 1941 loqui,
463 1868 569 1940 reddes
586 1868 678 1922 ridere
696 1867 832 1936 decomm,
849 1872 880 1923 ct

138 1950 217 2003 Inter
234 1949 297 2003 vina
314 1949 408 2017 fugam
427 1946 544 2001 Cinarae
561 1958 685 1997 maerere
702 1946 856 2010 protervae.

137 2025 222 2080 Forte
238 2042 289 2093 per
306 2027 451 2093 angustam
468 2021 559 2076 tenuis
576 2019 718 2088 vulpecula
735 2019 833 2073 rimam

137 2101 275 2170 Repserat
291 2100 320 2153 in
337 2114 475 2153 cumeram
491 2095 630 2162 frumenti,
648 2098 781 2164 pastaque
802 2110 898 2149 rursus
965 2110 989 2151 to

137 2177 185 2230 Ire
202 2176 274 2230 iores
291 2175 372 2243 pleno
390 2173 523 2227 tendebat
541 2187 653 2239 corpore
670 2170 788 2237 inretra3

137 2250 190 2306 cui
207 2249 325 2303 mustela
341 2248 443 2317 procul,
462 2246 515 2300 “Si
532 2245 597 2312 vis‚’'
616 2245 663 2312 ait,
682 2246 826 2315 “effugere
842 2244 930 2312 istinc,

138 2327 232 2385 Macra
248 2341 344 2378 cavum
362 2326 472 2391 repetes
489 2324 581 2374 ortum
599 2336 681 2388 quem
698 2337 790 2375 macra
807 2321 929 2375 subisti.”

138 2402 200 2456 llac
217 2416 268 2469 ego
286 2400 309 2453 si
326 2398 473 2467 compellor
490 2396 608 2469 imagine
626 2400 724 2450 cuncta
740 2396 863 2465 resigno;

138 2477 164 2531 N
166 2494 197 2533 ec
214 2492 338 2530 somnum
355 2473 443 2543 plebis
460 2473 541 2528 laudo
560 2475 637 2525 satur
655 2472 778 2541 altilium,
796 2489 848 2527 nec
967 2487 991 2528 35

138 2553 203 2607 Otia
220 2551 323 2606 divitiis
341 2550 466 2606 Arabum
483 2547 624 2613 liberrima
641 2551 724 2601 muto.

139 2628 225 2697 Saepe
242 2625 426 2682 verecundum
443 2623 569 2690 laudasti,
587 2639 692 2691 rexque
710 2627 845 2693 paterque

139 2703 253 2758 Audisti
271 2719 368 2769 coram,
387 2717 438 2756 nee
455 2699 664 2768 verboparcius
681 2698 794 2753 absens:

139 2779 249 2849 inspice
265 2779 288 2832 si
305 2794 417 2847 possum
435 2778 537 2831 donata
554 2790 688 2842 reponere
706 2774 761 2828 laet
749 2779 801 2828 tus

140 2855 224 2910 Haud
241 2855 312 2909 male
330 2853 512 2918 Telemachus,
530 2850 620 2920 proles
637 2849 768 2918 patientis
786 2849 892 2903 Ulixei·
967 2863 989 2903 m

140 2932 225 2985 “Non
243 2935 287 2985 est
304 2932 385 2999 aptus
402 2929 480 2997 equis
499 2928 596 2980 Ithace
614 2926 695 2991 locus,
714 2929 852 2993 utusque
870 2923 958 2993 planis

139 3007 285 3061 Porrectus
303 3004 398 3074 spatiis
415 3019 465 3056 nec
482 3002 585 3055 multae
602 2966 734 3068 prodigus
751 3000 869 3066 herbae;

140 3083 248 3151 Atride,
266 3080 354 3150 magis
370 3082 435 3147 apta
453 3077 504 3132 tibi
522 3081 571 3130 tua
589 3076 661 3128 dona
677 3074 852 3160 relinquam”

140 3125 259 3211 Parvmh
277 3172 362 3226 parva
380 3155 493 3217 decent;
510 3149 604 3204 mihi'
591 3167 652 3216 Jam
670 3166 724 3202 non
742 3149 819 3216 regia
837 3149 931 3217 Roma,

139 3223 195 3284 'Sed
212 3247 326 3287 vacuum
344 3231 429 3286 Tibur
446 3229 535 3298 placet
553 3230 602 3280 aut
590 3224 730 3279 timbclle
749 3224 905 3282 iacentum.
966 3243 990 3285 a
