2275 3550
423 193 641 244 SATIRARUM
656 195 680 244 Ι.
699 196 723 244 3.
953 194 998 244 113

149 272 210 328 Aut
226 273 345 341 positum
363 277 427 328 ante
444 291 506 328 mea
523 274 588 342 quia
604 274 709 342 pullum
726 273 755 327 in
771 275 852 342 parte
868 272 951 329 catini

149 345 266 416 Sustulit
283 349 413 416 esuriens,
432 349 522 403 minus
540 350 591 403 hoe
605 348 744 417 jucundus
760 351 862 403 amicus

149 416 193 476 Sir
209 423 295 479 mihit
332 425 405 488 Quid
422 426 519 478 faciam
537 425 560 478 si
578 426 682 478 furtum
698 425 801 491 fecerit,
818 427 867 478 aut
884 425 908 478 si

149 497 306 553 Prodiderit
324 501 465 554 commissa
481 501 538 554 fide
555 517 718 570 sponsumve
734 501 861 569 negarit?
975 515 1000 556 9⁵

149 573 217 636 Quis
233 575 312 643 paria
328 591 388 630 esse
405 575 463 630 fere
479 576 583 644 placuit
598 580 709 644 peecata
725 575 851 630 laborant

150 648 219 703 Cum
230 654 342 703 ventum
354 651 391 704 ad
402 667 497 705 verum
509 655 568 717 est;
583 668 676 705 sensus
688 668 832 719 moresque
843 656 1000 721 repugnant

150 726 245 793 Atque
261 726 321 794 ipsa
337 727 451 795 utilitas,
465 727 536 796 justi
552 744 639 798 prope
656 731 745 781 mater
761 732 791 782 et
807 729 897 796 aequi.

150 799 219 854 Cum
236 807 430 871 prorepserimt
446 803 542 871 primis
559 804 687 857 animalia
703 803 792 870 terris,

149 875 939 948 Mutumetturpepeous,glandematqueeubiliapropter
966 895 999 935 roo

149 951 294 1019 Unguibus
311 956 341 1006 et
358 955 464 1023 pugnis,
482 954 547 1008 dein
565 955 691 1022 fustibus,
709 958 793 1023 atque
810 956 851 1008 ita
867 971 948 1025 porro

151 1026 313 1094 Pugnabant
329 1031 413 1082 armis
430 1046 501 1099 quae
517 1034 582 1100 post
598 1030 780 1084 fabricaverat
796 1046 882 1098 usus,-

151 1100 244 1156 Donee
261 1104 345 1163 rerba
362 1104 461 1173 quibus
478 1121 557 1159 voees
575 1121 724 1173 sensusque
740 1109 869 1160 notarent

150 1176 177 1229 N
178 1179 322 1248 ominaque
338 1180 481 1242 invenere3
497 1180 597 1233 dehine
614 1180 747 1233 absistere
764 1179 844 1248 bello,

151 1251 261 1320 Oppida
276 1252 431 1322 eoeperrmt‘
439 1255 545 1308 munire
562 1258 593 1308 et
609 1271 710 1324 ponere
726 1255 810 1323 leges,
968 1270 1001 1311 105

150 1328 178 1381 N
179 1345 195 1382 e
213 1330 274 1397 quis
290 1330 336 1382 fur
352 1334 432 1395 esset,
450 1347 504 1383 neu
520 1331 600 1398 latro,
618 1348 673 1384 neu
690 1331 751 1400 quis
768 1326 971 1395 adulters
1042 1344 1047 1375 ¹

150 1403 223 1457 Nam
239 1404 293 1458 fuit
309 1409 373 1459 ante
392 1406 527 1460 Helenam
544 1422 648 1460 ounnus
665 1407 807 1461 teterrima
824 1407 890 1461 belli
930 1428 958 1487 ‘s'
972 1440 997 1485 ιι)
1020 1450 1046 1469 (Ι
1066 1468 1073 1477 Α
1090 1448 1128 1473 ,,«

151 1480 245 1546 Causa,
263 1480 312 1534 sed
329 1481 429 1548 ignotis
445 1482 589 1551 perierunt
605 1482 739 1535 mortibus
756 1482 804 1548 illi,
931 1480 938 1499 ¹
1073 1482 1078 1489 ”

150 1557 224 1619 eros
241 1573 367 1611 venerem
384 1558 517 1611 incertam
534 1559 674 1627 rapientes
690 1574 766 1611 more
781 1558 901 1612 ferarum

151 1631 263 1685 Viribus
280 1633 381 1687 editior
397 1634 537 1702 caedebat,
555 1639 588 1687 ut
605 1635 634 1687 in
651 1651 735 1703 grege
752 1638 855 1688 taurus
967 1648 1000 1688 uo

151 1707 169 1759 J
171 1724 221 1760 ura
236 1708 346 1762 inventa
362 1713 439 1762 metu
455 1709 675 1778 injusti'fateare
692 1726 804 1763 neeesse
822 1714 874 1779 est,

151 1783 283 1851 Tempora
300 1786 324 1839 si
340 1786 479 1854 fastosque
496 1786 565 1840 velis
583 1787 708 1839 evolvere
725 1786 829 1838 mundi.

151 1860 176 1913 N
179 1877 211 1913 ee
227 1866 326 1914 natura
343 1865 435 1929 potest
446 1861 524 1929 justo
543 1878 686 1914 secernere
703 1861 835 1928 iniquum,

151 1933 258 1989 Dividit
274 1940 308 1988 ut
325 1935 397 1989 bona
415 1936 538 2003 diversis,
555 1936 687 2003 fugienda
704 1936 845 2003 petendis3

92 2026 96 2033 ·
150 2010 177 2064 N
179 2027 211 2064 eo
222 2010 313 2064 vincet
324 2010 394 2064 ratio
405 2011 463 2078 hoe,
476 2012 640 2064 tantundem
652 2015 685 2065 ut
695 2014 791 2079 peccet
802 2011 933 2082 idemque
969 2025 1002 2065 115

152 2086 205 2150 Qui
222 2089 333 2140 teneros
349 2086 439 2140 caules
456 2086 537 2140 alieni
554 2087 670 2155 fregerit
686 2086 761 2140 horti

151 2161 190 2215 Et
206 2161 254 2229 qui
271 2164 418 2215 nocturnus
435 2177 511 2215 sacra
528 2161 622 2216 divum
639 2161 745 2230 legerit.
781 2161 865 2216 Adsit

152 2236 259 2304 Regula
274 2237 394 2307 pereatis
411 2253 482 2305 quae
498 2253 600 2304 poenas
617 2238 721 2304 irroget
738 2253 847 2305 aequae,

152 2312 196 2364 Ne
214 2312 316 2366 scutica
333 2312 447 2380 dignum
463 2312 586 2365 horribili
606 2316 710 2366 sectere
727 2312 841 2379 flagello.

152 2388 179 2442 N
180 2404 225 2441 am
241 2391 274 2442 ut
290 2388 378 2441 ferula
395 2387 492 2442 caedas
509 2388 640 2441 meritum
657 2388 761 2456 majora
778 2388 871 2443 subire
970 2403 1003 2442 no

153 2463 277 2516 Verbera
293 2480 347 2516 non
364 2479 468 2530 vereor,
486 2479 548 2516 eum
566 2464 642 2517 dieas
659 2480 719 2517 esse
736 2479 816 2531 pares
833 2480 864 2517 re

154 2539 240 2593 Furta
256 2538 404 2592 latrociniis
421 2542 450 2592 et
467 2539 573 2607 magnis
589 2556 674 2608 parva
689 2539 801 2592 mineris

56 2619 60 2627 “
154 2614 235 2669 Falce
252 2614 402 2668 recisurum
420 2615 500 2667 simili
517 2619 554 2682 te,
573 2615 597 2667 si
613 2613 664 2667 tibi
681 2630 797 2682 regnum

154 2690 321 2746 Permittant
337 2690 466 2743 homines.
502 2690 533 2744 Si
551 2690 627 2743 dives
645 2690 693 2758 qui
711 2691 818 2758 sapiens
837 2693 887 2758 est,

154 2766 192 2818 Et
209 2769 285 2818 sutor
301 2765 388 2818 bonus
406 2768 435 2820 et
452 2765 525 2819 solus
540 2765 676 2818 formosus
692 2770 722 2818 et
739 2769 782 2820 est
798 2782 855 2834 rex,
972 2787 1005 2824 ras

155 2840 211 2893 Cur
228 2844 307 2909 optas
324 2841 398 2909 quod
415 2841 516 2895 habes?
546 2840 609 2894 Non
626 2840 698 2894 nosti
715 2841 782 2910 quid
799 2845 887 2910 pater,
904 2840 1003 2909 inquit,

155 2914 320 2983 Chrysippus
337 2916 427 2971 dicat:
445 2917 559 2985 Sapiens
576 2917 701 2984 crepidas
719 2917 770 2970 sibi
789 2933 928 2985 nunquam

155 2989 215 3048 Nee
232 2991 319 3045 soleas
336 2992 408 3059 iecit,
427 2996 504 3046 sutor
520 2995 613 3046 tamen
631 2997 674 3046 est
691 2993 805 3061 sapiens.
841 2992 914 3055 euti

155 3065 196 3119 Ut
213 3067 335 3135 quamvis
353 3071 428 3121 tacet
446 3068 637 3136 Hermogenes
654 3072 750 3122 cantor
767 3071 859 3120 tamen
876 3070 961 3134 atque

155 3140 282 3209 Optimus
299 3147 342 3197 ost
359 3143 528 3208 modulatam
543 3147 577 3197 ut
595 3144 720 3196 Alfenius
737 3142 819 3208 valer,
838 3142 912 3195 omni
972 3155 1006 3196 ito

157 3215 276 3284 Abjeoto
291 3217 474 3273 mstmmento
490 3218 558 3273 artis
575 3218 720 3286 clamaque
736 3216 859 3286 taberna,
