2275 3550
136 183 183 232 16⁰
399 178 552 229 HORATII
569 178 701 227 ntaool

131 260 243 316 Nodosa
262 255 450 331 corpusinolis
468 244 614 330 proliibere
635 261 776 328 cheragra

131 337 183 391 Est
202 337 320 405 quadam
339 337 449 405 prodire
467 339 548 389 tenus
568 333 591 389 si
610 352 664 389 non
685 332 769 389 datur
787 335 868 390 ultra

132 412 234 466 Fervet
251 413 366 466 avaritia
382 412 536 479 miseroque
554 411 682 478 cupidine
700 414 804 480 pectus,

132 487 203 541 Sunt
219 487 304 541 verba
321 490 351 541 et
367 503 447 540 voces
465 486 563 554 quibus
581 479 652 539 hunc
670 485 757 540 lenire
775 485 896 540 dolorem

132 562 224 615 Possis
241 566 271 616 et
287 575 414 629 magnam
431 558 519 615 morbi
538 560 676 629 deponere
693 563 810 630 partem
959 575 986 618 ss

132 638 234 692 Laudis
251 653 344 691 amore
360 640 460 702 tumes,
478 637 543 690 sunt
560 634 637 689 certa
653 634 760 705 piacula
777 635 895 710 quaeis

132 711 186 765 Ter
201 729 270 782 pure
287 713 361 767 lecto
377 714 508 781 poterunt
525 724 650 765 recreare
667 708 768 764 libello.

133 787 252 854 Invidus,
269 787 423 856 iracundus,
440 777 522 852 iners,
539 786 655 853 vinosus,
673 789 787 853 amator,

132 861 220 916 Nemo
238 862 307 916 adeo
324 863 399 916 ferus
417 859 460 915 est
477 864 580 915 utnon
599 861 742 915 mitescere
760 860 855 930 possit,

132 937 260 991 simodo
278 938 401 992 culturae
419 936 571 1005 patientem
588 936 743 989 commodet
760 952 861 990 aurem
959 951 985 992 so

132 1013 229 1067 Virtus
247 1016 290 1067 est
307 1013 403 1067 vitium
419 1013 515 1079 fugere
531 1015 561 1065 et
579 1010 713 1080 sapientia
730 1011 820 1080 prima

132 1088 258 1143 Stultitia
275 1089 401 1143 caruisse.
436 1087 524 1141 Vides
542 1103 613 1154 quae
630 1087 749 1144 maxima
765 1082 856 1140 credis

131 1164 200 1219 Esse
218 1165 296 1232 mala,
315 1164 443 1232 exiguum
453 1178 572 1216 censum
590 1163 755 1230 turpemque
772 1162 918 1231 repulsam,

132 1240 240 1304 Quanto
258 1240 364 1294 devites
381 1238 633 1307 animiveapitisquo
650 1237 751 1291 labore.

132 1315 254 1384 Impiger
271 1319 409 1369 extremos
427 1314 514 1368 curris
532 1316 668 1368 mercator
685 1313 722 1367 ad
741 1313 831 1379 Indos,
958 1328 983 1370 45

131 1390 186 1443 Per
202 1408 277 1444 mare
295 1391 454 1459 pauperiem
471 1389 586 1457 fugisse,
604 1406 655 1457 per
672 1405 745 1455 saxa,
762 1405 814 1457 per
830 1392 923 1457 ignes:

130 1465 157 1518 N
159 1482 175 1519 e
192 1483 270 1519 cures
288 1482 321 1519 ea
339 1482 409 1533 quae
428 1465 512 1518 stulte
529 1464 638 1517 miraris
656 1468 686 1518 et
704 1468 783 1533 optas

130 1540 250 1612 Discere,
266 1544 296 1594 et
314 1540 417 1608 audire,
436 1543 465 1593 et
482 1539 588 1592 meliori
606 1539 719 1593 credere
736 1555 791 1593 uon
807 1540 868 1595 visi

130 1615 197 1679 Quis
214 1616 314 1669 circum
332 1632 415 1684 pagos
434 1620 464 1669 et
481 1615 583 1668 circum
600 1616 719 1684 compita
736 1632 848 1684 pugnax

129 1691 230 1759 Magna
248 1693 369 1749 coronari
387 1694 544 1745 contemnat
562 1690 695 1760 Olympia,
712 1692 756 1745 cui
774 1708 846 1761 spes,
957 1707 982 1749 to

129 1767 180 1821 coi
198 1768 236 1822 sit
252 1767 373 1822 conditio
391 1767 479 1821 dulcis
496 1766 555 1822 sine
571 1766 685 1837 pulvere
702 1768 825 1837 palmael

129 1843 219 1897 Vilius
237 1847 381 1912 argentum
399 1848 442 1898 est
460 1843 701 1912 auro‚<virtutibus‘
718 1860 822 1898 amum.

128 1917 171 1971 “0
190 1920 270 1987 cives,
289 1920 370 1987 cives,
387 1919 546 1989 quaerenda
562 1919 677 1987 pecunia
692 1920 812 1988 primum
830 1923 888 1984 est;

127 1993 226 2050 Virtus
242 1999 306 2064 post
322 1997 468 2050 nummos.”
505 1995 584 2048 Haec
602 1995 621 2047 J
623 2012 690 2049 anus
708 2012 830 2049 summus
848 1996 883 2048 ab
900 1996 956 2048 imo

128 2070 271 2139 Perdoeet,
289 2072 357 2126 haec
374 2072 501 2125 recinunt
515 2070 631 2137 juvenes
649 2071 754 2124 dictata
771 2087 913 2139 senesque,
956 2086 980 2124 55

127 2145 218 2199 Laevo
236 2148 361 2215 suspensi
378 2146 479 2200 loculos
496 2145 674 2211 tabulamque
691 2146 799 2199 lacerta.

127 2220 178 2274 Est
195 2221 301 2273 animus
317 2221 377 2285 tibi,
397 2224 462 2272 sunt
478 2235 568 2272 mores
586 2223 616 2273 et
633 2220 726 2285 lingua
743 2220 868 2287 fidesque
873 2240 881 2286 ;

126 2295 182 2349 Sed
200 2294 407 2362 quadringentis
426 2311 474 2346 sex
492 2296 599 2358 septem
616 2292 692 2345 milia
709 2293 817 2361 desunt,
872 2320 878 2326 ·

126 2370 208 2423 Plebs
226 2368 287 2422 eris
323 2370 364 2422 At
380 2369 459 2437 pueri
477 2366 612 2434 ludentes,
631 2366 714 2420 “Rex
731 2366 806 2432 eris,”
824 2368 909 2439 aiunt,

126 2441 174 2499 “Si
192 2447 268 2498 recte
285 2443 390 2497 facies?
427 2443 482 2496 Hie
499 2458 594 2495 murus
612 2444 713 2496 aeneus
731 2446 799 2512 esto,
956 2463 980 2502 sa

125 2520 173 2573 Nil
190 2519 311 2573 conscire
329 2519 389 2586 sibi,
406 2519 482 2573 nulla
499 2518 648 2587 pallescere
666 2519 753 2588 culpa

125 2595 231 2664 Roscia,
248 2593 293 2648 dic
310 2594 398 2661 sodes,
416 2595 513 2648 melior
531 2594 576 2646 lex
593 2610 629 2647 an
646 2609 794 2662 puerorum
812 2599 856 2652 est

124 2668 221 2739 Nouia,
238 2686 310 2739 quae
326 2685 441 2738 regnum
458 2673 535 2724 recte
552 2669 717 2723 facientibus
735 2672 823 2740 offert,

125 2747 162 2800 Et
179 2745 299 2799 maribus
318 2745 408 2799 (iuriis
425 2749 455 2799 et
473 2746 619 2799 decantata
637 2745 776 2800 Camillisl

125 2821 189 2876 Isne
206 2821 259 2876 tibi
276 2821 374 2875 melius
392 2822 491 2876 suadet
509 2822 557 2891 qui
575 2838 633 2875 rem
651 2822 741 2888 facias,
759 2839 826 2891 rem,
953 2838 976 2881 ss

124 2899 154 2952 si
171 2899 258 2968 possis
275 2902 357 2966 recte,
376 2892 471 2951 si‘non
489 2915 651 2967 quocunque
668 2899 833 2965 madorem,

56 3020 60 3025 .
127 2975 165 3028 Ut
181 2974 293 3043 propius
311 2978 418 3043 spectes
435 2974 579 3027 lacrimosa
595 2977 723 3042 poemata
741 2973 820 3042 Pupi,

124 3049 170 3101 An
188 3050 235 3117 qui
253 3049 392 3103 Fortunae
409 3053 617 3118 teresponsare
635 3049 769 3118 superbae

124 3122 253 3177 Liberum
271 3128 301 3179 et
319 3129 441 3181 erectum
458 3141 588 3195 praesens
605 3124 733 3177 hortatur
750 3127 779 3176 et
796 3124 892 3191 aptati

124 3195 227 3260 Quodsi
244 3213 289 3253 ma
306 3201 423 3270 populus
441 3200 582 3254 Romanus
598 3199 670 3253 forte
687 3202 774 3267 roget,
791 3213 841 3251 cur
949 3213 973 3254 so
