2275 3550
397 221 552 272 HORATII
568 217 700 270 FLAccl

230 305 304 366 Satis
321 320 456 373 superque
473 319 518 356 me
534 296 691 368 benignitas
707 300 758 353 tua

264 381 388 437 Ditarit:
405 378 480 433 haud
497 392 630 446 paravero

231 455 311 524 Quod
328 460 376 509 aut
393 470 490 508 avarus
506 456 539 507 ut
558 452 691 506 Chremes
708 450 785 501 terra
800 457 932 515 premam,

266 530 420 586 Discinctos
436 531 485 585 aut
502 528 617 598 perdam
634 540 727 594 nepos.

536 671 578 728 ΙΙ.

233 759 346 816 Burrus
363 756 410 811 ille
428 756 475 825 qui
491 753 586 824 procul
602 751 726 821 negotiis,

268 834 309 888 Ut
325 832 416 902 prisca
431 847 499 899 gens
516 828 680 895 mortalium,

234 908 353 963 Paterna
369 922 434 959 rura
451 904 538 958 bobus
556 907 667 958 exercet
684 900 747 967 suis,

268 983 379 1038 Solutus
397 980 469 1035 omni
485 980 588 1040 fenore,

234 1058 333 1128 Neque
350 1058 487 1111 exeitatur
504 1055 615 1109 classico
632 1053 710 1107 miles
726 1051 805 1119 truci,
972 1062 985 1101 s

269 1134 367 1204 Neque
383 1133 478 1186 horret
494 1131 596 1185 iratum
613 1146 696 1197 mare,
1012 1134 1015 1139 '

235 1210 392 1279 Forumque
408 1208 480 1262 vitat
497 1211 526 1262 et
544 1206 662 1275 superba
678 1204 777 1259 civium

270 1285 460 1340 Potentiorum
477 1283 578 1338 limina

235 1362 309 1430 Ergo
326 1363 375 1414 aut
392 1359 487 1414 adulta
503 1359 602 1413 vitium
617 1356 767 1427 propagine

270 1435 352 1490 Altas
368 1434 481 1488 maritat
496 1434 617 1502 populos,
963 1442 986 1480 ιο

236 1513 297 1566 Aut
312 1510 342 1564 in
359 1508 474 1562 reducta
491 1507 562 1561 valle
579 1506 758 1574 mugientium

270 1585 433 1652 Prospectat
451 1585 574 1637 errantes
591 1597 697 1649 greges,

236 1659 407 1728 Inutilesque
424 1657 493 1711 falce
510 1672 601 1711 ramos
617 1657 761 1725 amputans

270 1735 417 1792 Feliciores
434 1733 541 1801 inserit,

237 1813 298 1870 Aut
314 1826 410 1881 pressa
426 1809 502 1880 puris
519 1808 601 1863 mella
617 1807 711 1862 condit
727 1806 872 1876 amphoris,
968 1817 990 1855 15

274 1889 334 1944 Aut
350 1887 450 1943 tondet
467 1885 589 1938 infirmas
606 1891 687 1950 oves3

237 1964 291 2021 Vel
308 1979 370 2018 cum
387 1961 516 2016 decorum
533 1961 646 2015 mitibus
663 1959 751 2031 pomis
768 1961 850 2027 caput

273 2041 448 2094 Auctumnus
465 2037 538 2105 agris
555 2037 662 2105 extulit,

237 2116 280 2172 Ut
295 2114 400 2183 gaudet
416 2113 527 2167 insitiva
544 2112 692 2181 decerpens
709 2111 776 2181 pira,

273 2190 432 2244 Certantem
449 2191 479 2242 et
495 2202 577 2241 uvam
594 2202 738 2255 purpurae,
963 2206 988 2241 20

239 2265 300 2330 Qua
314 2265 475 2317 muneretur
491 2265 528 2326 te,
547 2260 654 2329 Priape,
671 2263 701 2314 et
717 2264 754 2328 te,
770 2265 851 2328 pater

273 2339 389 2404 Silvane,
407 2338 484 2389 tuter
500 2334 612 2389 finium!

239 2413 322 2468 Libet
334 2411 428 2480 jacere
445 2409 526 2463 modo
544 2409 596 2462 sub
614 2409 726 2479 antiqua
742 2409 810 2479 ilice,

274 2478 358 2543 Modo
375 2487 404 2541 in
421 2485 510 2539 tenaci
528 2485 659 2553 gramine.

240 2564 383 2620 Labuntur
400 2560 463 2615 altis
480 2560 592 2613 interim
609 2560 677 2629 ripis
693 2576 788 2629 aquae,
964 2581 989 2621 π

275 2639 434 2705 Queruntur
449 2637 479 2690 in
496 2636 572 2690 silvis
589 2652 659 2702 aves,

241 2714 398 2782 Fontesque
415 2712 533 2781 lymphis
550 2712 714 2781 obstrepunt
731 2713 912 2785 manantlbus,

275 2790 390 2844 Somnos
407 2786 482 2856 quod
498 2787 598 2842 invitet
614 2787 696 2842 leves.

242 2866 284 2921 At
300 2881 362 2919 cunr
378 2863 500 2917 tonantis
517 2878 605 2916 annus
621 2862 752 2918 hibernus
769 2863 848 2918 Jovis

277 2940 386 2993 Imbres
402 2938 533 3007 nivesque
549 2943 695 3008 comparat,
966 2961 992 3001 ω

146 3049 153 3062 ·
243 3019 303 3071 Aut
320 3015 409 3070 trudit
425 3030 502 3068 acres
519 3014 583 3068 hine
600 3018 630 3069 et
647 3015 710 3069 hinc
725 3016 813 3070 multa
829 3032 896 3071 cane

278 3093 370 3161 Apros
386 3091 416 3144 in
433 3089 575 3144 obstantes
591 3090 693 3158 plagas,

242 3166 305 3220 Aut
321 3165 406 3220 amite
422 3165 476 3219 levi
493 3181 556 3219 rara
573 3165 665 3220 tendit
681 3165 757 3232 retia,

278 3239 377 3296 Turdis
394 3240 523 3296 edacibus
540 3240 624 3307 dolos
