2275 3550
215 3279 228 3323 7

432 202 638 253 CARMINUM
654 202 748 252 1V.e.
983 205 1015 256 75

301 283 462 340 Laudentur
480 283 560 337 simili
578 283 655 351 prole
672 299 831 351 puerperae,
899 364 901 367 Ι

335 360 450 428 Culpam
467 375 555 427 poena
572 358 673 426 premit
691 374 788 411 comes.

301 436 368 500 Quus
378 435 510 488 Parthum
519 438 625 502 paveat,
635 450 697 502 quis
705 433 828 501 gehdum
842 434 966 502 Scythen,
991 450 1015 491 rs

301 511 368 575 Quis
387 510 533 564 Germania
551 525 620 583 quos
636 509 748 562 horrida
765 510 884 577 parturit
1055 532 1057 536 ⁴

300 585 393 653 Fetus,
411 584 539 639 incolumi
558 584 693 638 Caesarei
712 584 783 651 quis
790 583 865 637 ferae

334 661 443 714 Bellum
460 662 538 714 curet
557 659 707 712 Hiberiae?

300 735 401 791 Condit
418 734 534 804 quisque
552 734 626 787 diem
644 733 757 788 collibus
774 733 802 786 in
820 733 877 787 suis

299 811 337 865 Et
354 810 438 864 vitem
456 810 552 864 viduas
570 810 647 864 ducit
663 810 699 862 ad
717 809 846 873 arbores;
990 825 1015 866 so

299 886 373 940 Hinc
389 885 426 939 ad
442 885 506 939 vina
522 884 598 939 redit
615 885 704 939 laetus
721 888 751 938 et
768 884 862 938 alteris

333 961 371 1015 Te
388 961 489 1014 mensis
506 960 621 1014 adhibet
638 961 737 1025 deum;

298 1036 338 1091 Te
354 1037 441 1090 multa
457 1053 546 1105 prece,
564 1039 594 1090 te
611 1037 787 1105 prosequitur
803 1051 879 1089 mero

211 1122 226 1150 ·
299 1111 403 1166 Defuso
420 1112 523 1180 pateris
541 1114 572 1164 et
589 1110 705 1164 Laribus
723 1115 801 1164 tuum

299 1187 399 1241 Miscet
414 1202 523 1253 numen,
541 1186 583 1239 uti
602 1186 723 1251 Graecia,
743 1185 865 1239 Castoris
995 1200 1018 1239 es

334 1261 371 1314 Et
388 1262 480 1329 magni
497 1276 603 1313 memor
621 1261 755 1314 Herculis.

298 1335 406 1404 Longas
423 1336 569 1402 outinam,
588 1335 645 1390 dux
663 1334 739 1404 bone,
757 1335 840 1389 ferias

298 1411 426 1465 Praestes
444 1411 611 1480 Hesperiae!
631 1411 747 1465 dicimus
764 1412 871 1480 integro

272 1524 287 1545 0
297 1486 367 1541 Sicci
384 1502 463 1540 mane
481 1487 535 1553 die,
554 1486 670 1540 dicimus
686 1487 763 1542 uvidi

331 1561 401 1617 Cum
418 1561 465 1617 Sol
483 1561 591 1617 Oceano
608 1560 711 1617 subest.

562 1705 614 1760 VI.

297 1787 380 1856 lirun,
398 1804 481 1857 quem
498 1788 588 1857 pmice
606 1788 712 1842 Niobea
728 1803 843 1855 magnae

297 1862 441 1917 Vindicem
458 1864 568 1930 linguae
585 1863 733 1931 Tityosque
749 1865 844 1928 raptor

297 1937 398 1993 Sensit.
408 1940 438 1990 et
455 1937 553 2004 'l'rojae
570 1952 657 2005 prope
673 1937 760 1990 victor
777 1936 849 1988 altae

332 2011 449 2066 Phthius
468 2011 598 2080 Achilles,

297 2087 403 2141 Ceteris
420 2085 515 2154 major,
533 2086 586 2140 tibi
603 2085 682 2140 miles
698 2086 794 2155 impar,
995 2099 1010 2142 ο

297 2161 384 2216 Filius
401 2160 524 2231 quamvis
542 2161 666 2215 Thetidis
683 2163 803 2215 marinae

274 2236 439 2292 ‘Darmnas
456 2240 546 2291 turres
558 2238 686 2306 quateret
703 2236 848 2291 tremenda
875 2289 881 2299 ‚

332 2306 453 2381 Cuspide
469 2328 588 2380 pugnax.

297 2387 358 2456 Ille,
375 2387 496 2441 mordaci
513 2389 590 2442 velut
606 2388 662 2442 icta
679 2388 753 2443 ferro

294 2463 379 2534 Pipus
395 2466 443 2517 aut
460 2463 577 2532 impulsa
593 2480 737 2532 cupressus
755 2463 836 2530 Euro,
985 2478 1008 2519 ιο

294 2538 418 2594 Procidit
435 2539 491 2592 late
508 2539 654 2608 posuitque
671 2539 770 2593 collum
786 2539 816 2592 in

330 2614 447 2668 Pulvere
465 2614 575 2669 Teucro.
640 2651 642 2658 «

294 2687 347 2743 Ille
363 2705 417 2741 non
434 2689 553 2743 inclusus
571 2706 642 2759 equo
659 2689 801 2745 Minervae

294 2763 376 2818 Sacra
393 2765 510 2818 mentito
527 2766 598 2819 male
615 2766 728 2820 feriatos

292 2837 377 2893 Troas
394 2842 425 2891 et
440 2838 541 2893 laetam
559 2841 662 2895 Priami
678 2841 784 2896 choreis
983 2855 1007 2896 ιι

327 2914 448 2982 Falleret
465 2914 569 2981 aulam3

293 2988 350 3043 Sed
366 2988 455 3056 palam
473 2989 559 3058 captis
576 2991 673 3058 gravis,
691 2990 746 3044 heu
763 2990 840 3043 nefas
856 2988 919 3055 heu,

293 3062 408 3118 Nescius
424 3064 477 3117 fari
493 3081 595 3132 pueros
613 3064 725 3118 Achivis

292 3138 398 3204 Ureret¹
412 3138 536 3206 flammis,
554 3140 638 3193 etiam
655 3140 789 3193 latentem

326 3213 426 3268 Matris
442 3214 472 3270 in
492 3214 560 3282 alvo,
