2275 3550
402 203 613 254 cARnssNUM
628 203 677 253 IV
697 205 735 254 13.
967 205 997 254 el

291 287 442 342 Aeternum
459 284 641 372 opprobrium,
658 283 733 353 quod
749 284 820 337 male
836 282 968 340 barbaras

325 361 432 448 Regum
448 364 492 415 est
508 357 566 415 ulta
583 326 715 413 libidines

289 435 415 492 Dicunt'
407 451 436 489 1n
452 433 548 490 tenero
565 430 687 522 gramine
703 434 844 503 pinguium

290 511 424 567 Custodes
441 500 532 564 ovium
549 504 669 564 earmina
685 509 784 576 fistula,
978 517 1000 557 11

289 586 489 656 Delectantque
507 587 589 639 deum
606 582 649 640 cui
666 602 749 655 pecus
766 589 796 640 et
811 585 884 654 nigri

323 663 413 717 Colles
430 657 566 716 Arcadiae
583 662 701 731 placent.

289 738 441 793 Adduxere
458 736 532 791 sitim
549 740 680 806 tempora,
691 736 809 805 Virgili3

288 814 344 868 Sed
360 829 484 901 pressum
502 812 613 867 Calibus
630 814 730 867 ducere
748 813 879 866 Libemm

288 889 318 945 si
334 888 450 957 gestis,
437 905 571 956 Juvenum
587 888 718 942 nobilium
738 878 997 957 eliensis

320 964 416 1019 Nerdo
431 965 495 1018 vina
511 964 660 1019 merebere

288 1039 314 1095 N
315 1041 376 1096 ard1
390 1057 491 1110 parvus
507 1056 579 1107 onyx
596 1041 687 1095 eliciet
704 1039 802 1094 eadum

288 1115 341 1181 Qui
356 1132 427 1172 nunc
444 1116 570 1185 Sulpiciis
587 1116 701 1169 accubat
717 1115 830 1183 horreis,

288 1190 356 1260 Spes
372 1187 476 1244 donare
491 1207 575 1243 novas
592 1191 683 1258 largus
701 1206 847 1259 amaraque

322 1266 455 1320 curarum
471 1267 563 1318 eluere
575 1265 677 1320 efficax.

288 1339 336 1396 Ad
352 1357 422 1409 quae
440 1341 463 1394 si
479 1356 610 1409 properas
625 1340 733 1408 gaudia,
751 1355 813 1393 cum
830 1344 879 1395 tua

287 1416 375 1470 Velox
391 1432 482 1470 meree
499 1416 579 1470 veni:
596 1432 650 1469 nen
668 1432 719 1485 ege
736 1420 765 1470 te
782 1417 851 1471 meis

287 1492 441 1547 Immunem
457 1491 577 1545 mediter
594 1492 702 1560 tingere
718 1492 829 1562 poculis,

320 1568 404 1622 Plena
421 1567 497 1622 dives
514 1568 592 1621 utin
610 1568 698 1623 derne.

286 1643 390 1697 Verum
406 1660 477 1712 pone
494 1660 585 1697 merus
602 1647 631 1698 et
649 1643 772 1697 studium
789 1644 865 1712 lueri,

285 1719 484 1788 lhgrorumque
500 1735 611 1787 memor,
630 1719 696 1773 dum
712 1718 785 1794 lieet,
801 1720 906 1789 ignium

286 1794 371 1849 Misce
386 1795 531 1849 stultitiam
548 1795 665 1847 masiliis
681 1794 809 1851 brevem:

319 1869 407 1922 Dulce
423 1872 467 1923 est
483 1869 609 1936 desipere
625 1868 654 1921 in
670 1869 737 1923 loco.

287 2093 446 2159 Anum,
464 2009 668 2159 mogilina
684 2094 755 2158 voa,
773 2092 803 2146 11

286 2167 433 2234 Audivere,
452 2167 536 2236 Lyce:
554 2168 587 2220 fis
604 2184 679 2237 anus,
697 2172 727 2223 et
742 2173 836 2224 tamen

319 2243 370 2297 Vis
386 2243 504 2297 formosa
520 2242 610 2296 videri

353 2311 494 2379 Ludisque
511 2315 541 2366 et
557 2310 630 2366 bibis
647 2312 792 2382 impudens
824 2318 830 2325 '

285 2387 322 2441 Et
338 2390 421 2440 cantu
436 2387 553 2440 tremule
569 2391 636 2454 peta
653 2387 817 2456 Cupidinem

285 2462 404 2516 Lentum
421 2462 557 2516 sollicites.
593 2463 646 2516 llle
662 2464 776 2518 virentis
793 2468 823 2518 et

318 2537 424 2590 Doctae
440 2537 558 2605 psallere
576 2537 661 2591 Chiae

352 2611 478 2666 Pulchris
495 2612 614 2667 excubat
630 2614 659 2667 in
675 2616 760 2682 genis.
791 2649 795 2656 -

285 2687 461 2757 Importunus
478 2689 552 2742 enim
569 2691 720 2744 transvolat
737 2691 829 2746 aridas

284 2763 413 2832 Quercus,
430 2768 460 2818 et
477 2764 578 2833 refugit
596 2770 625 2819 te
643 2766 708 2835 quia
724 2766 808 2819 luridi

317 2838 430 2906 Dentes,
447 2843 477 2893 te
494 2841 559 2908 quia
575 2857 660 2908 rugae

352 2913 474 2982 Turpant
491 2918 521 2968 et
537 2915 634 2981 capitis
650 2915 733 2969 nives

283 2986 344 3043 Nee
361 2988 433 3042 Ceae
449 2989 598 3043 referunt
585 3007 644 3057 Jam
661 2990 715 3045 tibi
732 3007 869 3059 purpurae

284 3062 344 3118 Nec
361 3064 428 3120 clari
444 3064 549 3132 lapides
567 3069 699 3136 tempora,
717 3082 788 3150 quae
805 3066 890 3121 semel

317 3137 399 3192 Notis
415 3139 524 3193 condita
541 3140 619 3194 fastis

353 3207 470 3264 inclusit
482 3213 598 3269 volucris
615 3213 682 3273 dies.
