2275 3550
131 141 179 189 100
405 142 559 192 HORATII
577 141 708 190 FLAOGI

73 232 76 237 ·
131 219 219 283 Quam
236 235 327 290 neque
344 219 454 275 finitimi
471 220 616 274 valuerunt
632 218 750 288 perdere
768 220 855 275 Marsi

104 319 105 323 =
164 294 280 347 Minacis
297 296 346 348 aut
365 294 480 348 lltrusca
499 294 636 346 Porsenae
654 310 757 361 manus,
855 334 861 343 .

130 369 248 423 Aemula
265 386 316 422 nec
332 370 420 422 virtus
438 369 547 436 Capuae
564 385 617 421 nec
635 369 782 436 Spartacus
795 387 859 436 acer
971 391 985 430 ⁵

163 444 303 513 Novisque
321 444 403 498 rebus
421 444 540 496 infidelis
559 444 699 511 Allobrox,

128 517 156 572 N
157 535 188 573 ec
204 519 263 572 fera
280 519 404 572 caerulea
422 519 528 572 domuit
546 519 694 572 Germania
710 519 784 586 pube

163 593 382 663 Parentibusque
399 593 572 648 abominatus
591 593 738 662 Hannibal,

63 712 69 725 .
128 669 218 736 Impia
234 670 381 737 perdemus
399 668 492 723 devoti
510 669 650 737 sanguinis
667 674 767 737 aetas,-

160 744 295 813 Ferisque
311 760 406 798 rursus
418 744 595 812 occupabitur
612 745 707 798 solum.
958 764 980 802 ιο

127 819 265 873 Barbarus
283 820 339 874 heu
355 820 460 873 cineres
477 819 589 873 insistet
605 821 693 873 victor
710 822 739 874 et
756 819 861 876 Urbem

161 894 253 963 Eques
271 898 385 949 sonante
402 894 559 949 verberabit
577 895 687 962 ungula,

127 969 258 1038 Quaeque
276 974 369 1025 carent
387 971 476 1023 ventis
495 974 524 1022 et
543 969 644 1022 solibus
662 987 724 1024 ossa
742 970 855 1040 Quirini,

160 1044 187 1097 N
189 1045 373 1099 efasrvidere!
393 1044 538 1112 dissipabit
554 1044 681 1099 insolens.
784 1106 785 1109 Ἴ

125 1118 210 1174 Forte
227 1121 295 1190 quid
313 1120 441 1188 exp‘ediat
458 1120 637 1173 communiter
653 1123 702 1174 aut
719 1121 816 1174 melior
832 1137 896 1189 pars
954 1138 977 1177 15

159 1195 241 1251 Malis
259 1212 352 1249 carere
371 1195 503 1264 quaeritis
520 1194 672 1250 laboribus:

124 1270 208 1324 Nulla
225 1272 263 1325 sit
278 1272 329 1325 hac
346 1272 436 1340 potior
456 1270 599 1338 sententia,
618 1270 803 1325 Phocaeorum

158 1347 244 1400 Velut
260 1348 382 1415 profugit
399 1351 539 1401 exsecrata
557 1347 652 1400 civitas

124 1421 215 1489 Agros
233 1426 316 1490 atque
334 1423 419 1475 Lares
435 1422 538 1490 patrios
556 1421 759 1491 habitandaque
776 1422 839 1477 fana

158 1497 243 1566 Apris
260 1498 372 1566 reliquit
389 1500 418 1550 et
435 1497 579 1564 rapacibus
596 1499 674 1567 lupis,
949 1516 973 1554 ao

125 1572 171 1626 Ire
187 1573 273 1640 pedes
291 1589 459 1641 quocunque¹
470 1572 567 1640 ferent,
586 1574 747 1641 quocunque
764 1590 815 1642 per
832 1573 920 1628 undas

158 1649 247 1702 Notus
265 1647 373 1701 vocabit
390 1652 439 1719 aut
455 1649 599 1717 protervus
617 1648 736 1703 Africus.

123 1722 167 1777 Sic
184 1724 293 1792 placet?
317 1741 351 1778 an
368 1723 465 1778 melius
483 1723 544 1792 quis
561 1723 647 1778 habet
664 1724 780 1779 suadere
789 1725 960 1781 t-Seeunda

157 1799 257 1853 Ratem
275 1817 406 1867 occupare
425 1800 493 1869 quid
509 1817 647 1853 moramur
664 1801 747 1855 alitet

122 1873 179 1929 Sed
192 1874 317 1943 juremus
334 1877 362 1928 in
380 1876 462 1931 haec:
484 1876 569 1929 Simul
587 1876 648 1929 imis
666 1894 731 1930 saxa
743 1878 865 1931 renarint
945 1893 970 1933 15

156 1951 243 2004 Vadis
260 1952 357 2020 levata,
374 1968 410 2005 ne
426 1950 518 2006 redire
536 1953 573 2006 sit
590 1953 685 2016 nefas;

120 2026 184 2081 Neu
201 2043 331 2080 conversa
348 2026 459 2081 domum
476 2027 571 2096 pigeat
588 2027 654 2081 dare
672 2027 762 2095 lintea,
781 2027 889 2096 quando

155 2102 246 2155 Padus
265 2102 372 2155 Matina
389 2102 486 2155 laverit
504 2103 650 2169 cacumina,

119 2176 154 2230 In
171 2193 246 2229 mare
264 2192 313 2230 seu
330 2177 417 2229 celsus
434 2178 600 2243 procurrerit
618 2176 786 2244 Apenninus,

153 2251 179 2303 N
181 2267 284 2319 ovaque
302 2254 424 2303 monstra
436 2250 561 2316 junxerit
579 2250 692 2303 libidine
942 2269 967 2308 ao

118 2325 206 2378 Mirus
224 2341 306 2392 amor,
320 2324 401 2391 juret
416 2328 449 2377 ut
466 2324 552 2391 tigres
570 2324 710 2377 subsidere
729 2324 823 2391 cervis,

152 2399 336 2453 Adulteretur
354 2403 382 2453 et
400 2398 524 2452 columba
540 2397 631 2465 miluo,

117 2475 236 2530 Credula
252 2491 302 2527 nec
320 2490 399 2527 ravos
417 2476 533 2528 timeant
550 2476 675 2526 armenta
692 2472 791 2540 1111111,

151 2552 290 2619 Ametque
308 2550 378 2603 salsa
395 2549 463 2602 levis
480 2550 571 2601 hircus
589 2564 715 2616 aequora.

87 2658 91 2664 ·
115 2624 193 2678 Haec
210 2630 239 2679 et
256 2640 326 2692 quae
343 2627 474 2693 potemmt
491 2624 597 2676 reditus
615 2623 772 2676 abscindere
789 2621 882 2680 dulces
938 2641 962 2681 as
1030 2622 1035 2630 ”

149 2702 249 2754 Eamus
267 2700 354 2753 omnis
373 2703 514 2753 exsecrata
531 2699 634 2767 civitas,

113 2775 173 2829 Aut
190 2792 253 2845 pars
270 2775 379 2829 indocili
397 2775 492 2828 melior
509 2792 607 2843 grege3
625 2773 712 2828 mollis
730 2776 759 2828 et
776 2790 874 2843 exspes

147 2852 299 2905 inominata
316 2851 469 2920 perprimat
487 2851 604 2917 cubilia3

110 2924 169 2980 Vos
186 2927 284 2994 quibus
303 2931 346 2979 est
363 2927 451 2979 virtus
468 2926 630 2979 muliebrem
647 2924 735 2978 tollite
752 2924 856 2978 luctum

143 3001 258 3055 Etrusca
275 3007 386 3069 praeter
403 3005 433 3055 et
450 3001 539 3054 volate
557 3001 657 3054 littora.
925 3013 948 3049 so

109 3070 167 3128 Nos
184 3081 277 3130 manet
295 3076 418 3132 Oceanus
436 3075 634 3142 circumvagos:
654 3090 725 3139 arva,
742 3072 825 3129 beata

146 3148 276 3206 Petamus
293 3167 359 3207 arva
376 3151 476 3207 divites
494 3151 651 3220 stimulas,
668 3152 675 3160 '

1079 2802 1111 2908 A

1116 2946 1125 3005 l
