2275 3550
402 208 608 258 CARMINUM
624 208 664 258 H.
681 209 722 257 20.
948 208 979 257 41

304 287 398 355 Vates,
416 304 507 356 neque
523 288 553 340 in
571 287 654 341 terris
672 285 799 339 morabor

338 362 464 430 Longius,
484 362 642 431 invidiaque
661 360 750 429 major

268 437 360 493 Urbes
377 438 536 506 relinquam.
572 437 635 490 Non
654 453 712 504 ego,
731 451 882 503 pauperum
970 449 984 492 5

268 513 392 581 Sanguis.
403 517 554 582 parentum,
576 528 630 566 non
649 525 700 579 ego
719 527 801 579 quem
819 526 906 577 voees,

303 589 411 643 Dileete
430 590 582 654 Maecenas,
602 587 683 640 obibo

337 664 363 717 N
366 681 397 717 ee
415 664 510 732 Stygia
528 662 675 717 eohibebor
693 660 775 717 unda

271 739 336 794 Jam
350 738 409 806 jam
427 738 553 792 residunt
572 738 695 791 eruribus
713 753 825 805 asperae

269 813 367 882 Pelles,
385 818 415 868 el
433 813 525 867 elbum
543 817 636 866 mutor
653 813 682 866 in
701 813 795 866 alitem
959 825 981 866 10

303 889 434 958 Superne,
451 892 653 958 nascunturque
670 888 744 942 leves

338 965 392 1018 Per
410 964 512 1032 digitos
531 963 714 1032 humerosque
731 962 848 1031 plumae.

267 1039 332 1093 Jam
350 1040 488 1093 Daedaleo
506 1039 579 1093 ocior
601 1038 678 1093 Icaro

269 1114 364 1168 Visam
381 1114 515 1182 gementis
535 1114 630 1167 littora
648 1111 761 1182 Bospori

303 1189 452 1257 Syriesque
471 1188 600 1242 Gaetulas
619 1204 732 1241 canorus
959 1201 981 1241 15

337 1263 404 1316 Ales
429 1262 676 1331 Hyperboreosque
694 1277 811 1331 campos.

269 1337 317 1391 Me
336 1337 451 1391 Colchus
469 1341 499 1391 et
517 1338 564 1406 qui
584 1337 737 1391 dissimulat
757 1341 861 1392 metum

267 1412 376 1467 Marsae
391 1412 509 1466 eohorlis
528 1413 619 1466 Dacus
639 1416 669 1466 el
687 1411 776 1466 rrltimi

301 1487 328 1542 N
329 1490 423 1541 oseent
442 1487 546 1555 Geloni,
564 1503 611 1540 me
627 1487 734 1556 peritus

335 1561 430 1615 Diseet
448 1561 538 1615 Hiber
558 1561 739 1631 Rhodanique
758 1563 845 1631 potor.
956 1577 980 1616 20

268 1635 370 1697 Absint
387 1636 462 1689 inani
481 1636 578 1690 funere
598 1636 696 1690 neniae

267 1710 423 1782 Luciusque
440 1715 536 1781 turpes
556 1714 587 1766 ei
606 1711 809 1781 querimoniee3

302 1786 449 1854 Compesce
467 1787 611 1840 clamorem
631 1804 663 1840 ae
681 1786 798 1853 sepulcri

336 1860 420 1917 Mitte
439 1876 619 1930 supervacuos
636 1858 762 1915 honores⁸
