2275 3550
139 179 185 226 194
414 179 568 230 HORATII
586 183 717 232 FLACOI

138 256 205 311 Post
221 257 290 312 baec
306 259 353 313 ille
370 264 448 315 catus
466 263 640 330 quantumvis
652 263 785 320 rusticus:
804 264 891 331 “Ibit

139 331 197 386 lbit
214 349 247 387 eo
265 350 319 401 quo
336 334 378 388 vis
395 336 443 403 qui
460 353 555 390 zonam
573 337 719 405 perdidit‚”
739 337 836 407 inquit
973 356 1002 397 so

139 407 243 463 Roniee
261 409 360 470 nutriri
377 410 444 464 mihi
463 413 585 480 contigit,
603 416 688 482 atque
705 413 798 467 doceri

139 484 232 537 Iratus
250 484 340 539 Graiis
358 490 490 555 quantum
508 489 646 542 nocuisset
665 488 796 544 Achilles.

139 559 277 627 Adjecere
293 560 380 615 bonae
397 563 479 631 paulo
496 564 558 632 plus
575 563 645 617 artis
664 563 799 628 Athenae,

88 679 91 685 .
140 634 250 690 Scilicet
266 639 298 690 ut
314 637 412 691 vellem
430 654 512 692 curvo
530 638 691 706 dignoscere
708 643 824 707 rectum,

140 713 234 780 Atque
252 711 325 766 inter
342 713 423 768 silvas
442 713 577 767 Academi
595 731 727 783 quaerere
745 731 849 770 verum.
973 732 1001 772 rs

139 784 217 840 Dura
234 786 284 841 sed
302 804 427 842 emovere
444 789 502 843 loco
518 806 563 843 me
582 793 708 858 tempora
725 793 813 858 grato,

140 861 288 930 civilisque
305 863 402 917 rudem
420 864 485 917 belli
503 865 569 919 tulit
587 870 647 919 aest
635 865 726 919 tinus
743 882 820 920 arma

140 936 265 991 Caesaris
283 939 402 1006 Augusti
419 956 473 993 non
490 957 655 1008 responsura
671 940 789 995 lacertis

139 1012 221 1069 Unde
239 1013 318 1070 simul
336 1015 454 1083 primum
472 1032 516 1070 me
534 1016 664 1070 dimisere
682 1009 833 1085 Philippis

139 1089 247 1144 Derieis
263 1090 393 1144 humilem
410 1092 506 1160 pennis
524 1092 686 1161 inopemque
704 1091 813 1162 paterni
971 1107 997 1148 to

139 1165 177 1220 Et
193 1166 259 1221 laris
276 1170 306 1221 et
323 1163 408 1232 fundi,
425 1171 574 1236 paupertas
591 1168 701 1236 impulit
719 1168 817 1236 audax,

138 1241 181 1296 Ut
197 1259 292 1297 versus
308 1244 440 1297 facerem:
457 1243 507 1296 sed
525 1243 599 1312 quod
616 1260 669 1296 non
688 1243 761 1297 desit
778 1243 926 1297 habentem

139 1318 216 1382 Quae
232 1323 363 1386 poterunt
379 1336 499 1387 unquam
517 1319 585 1373 satis
602 1336 754 1388 expurgare
771 1320 883 1384 cicutae,

139 1393 177 1446 Ni
194 1394 291 1447 melius
309 1393 428 1447 dormire
445 1398 540 1463 putem
558 1410 640 1461 quam
658 1394 778 1448 scribere
796 1395 909 1449 versusl

138 1468 251 1537 Singula
268 1469 304 1523 de
321 1469 399 1522 uobis
415 1471 479 1522 anni
497 1470 666 1557 praedantur
683 1474 795 1535 euntes3
966 1484 993 1523 ⁵5

138 1543 298 1613 Eripnere
285 1560 369 1610 Jocos,
388 1561 523 1610 venerem,
541 1545 672 1610 convivia,
690 1544 801 1610 ludum;

138 1619 332 1674 Teuduntt
285 1623 332 1673 ext
333 1636 449 1687 orquere
466 1623 607 1689 11111111;
626 1621 693 1696 quid
709 1621 807 1675 faciam
823 1620 882 1674 visi

138 1695 264 1764 Denique
281 1713 336 1749 non
353 1711 448 1749 omnes
465 1695 562 1749 cadem
580 1696 715 1751 mirantur
731 1699 892 1764 amantque:

138 1771 265 1827 Carmine
282 1776 314 1827 tu
331 1773 442 1842 gaudes,
460 1771 504 1826 hic
522 1773 642 1828 delectat
630 1777 676 1828 tur
693 1773 807 1840 iambis,
965 1834 968 1837 ,

139 1848 190 1904 llle
208 1849 317 1903 Bioneis
335 1848 504 1902 sermonibus
522 1852 552 1902 et
571 1850 627 1902 sale
644 1849 731 1916 nigro.
967 1863 991 1901 eo

138 1925 205 1980 Tres
222 1926 290 1978 mibi
302 1925 434 1983 ,convivae
452 1941 537 1993 prope
555 1924 700 1977 dissentire
718 1924 853 1991 videntur,

138 2000 285 2055 Poscentes
303 2001 377 2054 vario
395 2000 512 2054 multum
530 1999 639 2053 diversa
655 2000 754 2068 palato.

138 2076 211 2141 Quid
223 2077 305 2130 deml
322 2075 390 2144 quid
402 2093 456 2129 non
468 2075 548 2129 deml
565 2074 658 2128 renuis
670 2078 702 2128 tu
714 2074 788 2144 quod
795 2073 879 2142 jubet
890 2075 971 2139 alter3

138 2152 218 2217 Quod
235 2151 308 2220 petis
325 2151 356 2203 id
373 2167 438 2204 sane
457 2154 501 2204 est
517 2151 635 2204 invisum
653 2150 815 2219 acidumque
834 2148 948 2204 duobus

138 2228 252 2282 Praeter
269 2229 379 2279 caetera
396 2242 440 2278 me
458 2226 597 2279 Romaene
614 2229 741 2295 poimata
758 2241 852 2279 censes
965 2240 991 2279 et

137 2303 263 2357 Scribere
280 2317 359 2369 posse
377 2300 450 2353 inter
467 2305 510 2355 tot
527 2318 607 2355 curas
625 2305 723 2370 totque
740 2300 864 2354 laboresl

137 2378 192 2433 Hic
209 2392 337 2446 sponsum
355 2379 441 2442 vocat,
459 2376 504 2430 hic
520 2376 645 2430 auditum
663 2377 764 2444 scripta
782 2375 884 2430 relictis

137 2453 271 2509 Omnibus
288 2451 399 2517 officiis;
415 2451 497 2506 cubat
515 2450 558 2506 hic
577 2453 605 2504 in
623 2452 690 2505 colle
709 2451 823 2519 Quirini,

137 2530 193 2585 Hic
210 2533 333 2584 extremo
350 2527 378 2581 in
398 2529 542 2597 Aventino,
561 2527 690 2581 visendus
709 2532 841 2595 uterquc;

137 2604 286 2660 Intervalla
303 2602 380 2658 vides
398 2604 515 2661 humane
533 2604 681 2657 commoda
717 2603 821 2657 Verum
967 2617 990 2657 u

136 2680 227 2737 Purae
245 2683 308 2734 suut
325 2679 440 2749 plateae,
458 2678 525 2733 nihil
543 2683 575 2732 ut
592 2679 790 2732 meditantibus
808 2678 906 2732 obstet.

136 2756 262 2813 Festinat
278 2755 382 2810 calidus
399 2754 480 2809 mulis
496 2755 654 2823 gerulisque
672 2754 839 2823 redemptor,

136 2833 258 2904 Torquet
275 2848 347 2886 nunc
364 2832 490 2900 lapidem,
508 2848 582 2884 nunc
599 2830 695 2897 iugens
714 2830 840 2898 machina
856 2830 971 2897 tignum,

136 2909 236 2967 Tristia
253 2907 373 2962 robustis
391 2908 529 2960 luctantur
548 2907 651 2958 lamera.
660 2906 798 2974 plaustris,

137 2984 198 3040 Hac
215 2984 324 3038 rabiosa
340 2982 411 3049 fugit
428 2982 507 3047 canis,
526 2982 578 3034 hac
595 2980 731 3035 lutulenta
748 2983 804 3036 ruit
823 2997 882 3034 sus:
964 2993 988 3034 75

137 3061 152 3114 1
170 3078 241 3114 nunc
259 3064 288 3114 et
306 3073 399 3111 versus
417 3060 508 3109 tecum
526 3055 661 3108 meditare
678 3073 797 3109 canoros.

136 3135 306 3203 Scriptorum
323 3132 419 3185 chorus
437 3131 523 3183 omnis
541 3133 616 3183 amat
633 3146 730 3182 nemus
748 3133 777 3183 et
794 3131 865 3197 fugit
883 3130 987 3195 urbem,

137 3205 202 3262 Rite
220 3209 304 3262 cliens
321 3205 421 3260 Bacchi
439 3221 532 3258 somno
548 3204 696 3272 gaudentis
713 3209 742 3258 et
760 3204 869 3260 umbra:
