2275 3550
142 171 173 225 74
417 173 571 221 HORA'I'H
587 172 719 221 FLACCI

281 254 307 309 N
309 270 343 308 on
360 251 448 319 hydra
466 255 540 305 secto
558 267 673 318 corpore
691 251 797 304 firmior

202 338 206 349 ‘
280 327 360 383 Vinci
379 327 519 381 dolentem
535 325 622 380 crevit
639 327 669 379 in
686 325 844 396 Herculem,

314 402 505 457 Monstrumve
523 401 675 454 submisere
693 400 787 455 Colchi
859 430 861 433 ·

264 480 270 487 ’
349 477 440 531 Maius
459 477 640 530 Echioniaeve
658 475 776 531 Thebae.
812 503 815 517 ·

281 552 388 607 Merces
405 551 548 620 profundo,
565 551 705 619 pulchrior
721 551 828 612 evenit:
973 555 1000 595 ⁶⁵

281 627 408 695 Luctere,
425 628 513 682 multe
529 631 643 696 proruet
659 627 799 694 integrum

315 702 384 757 Cum
401 702 484 756 laude
500 703 632 757 victorem
650 706 787 770 geretque

350 777 458 832 Proelia
475 777 638 846 conjugibus
654 778 799 846 loquenda

282 852 446 921 Karthagini
460 852 519 920 jam
536 868 591 905 non
609 868 660 920 ego
677 853 789 906 nuntios

280 924 393 982 Mittam
410 944 443 981 su
478 927 555 982 rhos:
574 928 681 995 occidit,
699 928 800 982 occidit
851 979 853 982 ,
975 942 1000 981 ro

316 1002 386 1071 Spes
403 1019 447 1056 om
466 1003 490 1055 is
507 1006 538 1057 et
554 1003 665 1056 fortuna
681 1003 768 1056 nostri
1021 996 1025 1004 ’

349 1078 475 1132 Nominis
493 1078 669 1132 Hasdrubale
686 1078 863 1146 interempto.

280 1153 329 1209 Nil
347 1153 478 1208 Claudiae
495 1169 549 1206 non
566 1153 710 1222 perficient
727 1170 831 1221 manus,

281 1228 356 1293 Quas
373 1232 402 1283 et
418 1228 537 1296 benigno
553 1228 666 1281 numine
683 1226 815 1296 «Iuppiter

315 1303 448 1358 Defendit
465 1308 495 1357 et
512 1320 595 1358 curae
613 1319 725 1371 sagaces
812 1346 814 1351 .
974 1316 999 1356 rs

322 1375 332 1390 ⁸
349 1378 508 1448 Expediunt
524 1395 576 1448 per
592 1383 673 1432 acuta
689 1378 763 1433 belli.

547 1521 575 1574 V

280 1600 362 1656 Drvrs
380 1604 440 1656 orte
456 1600 542 1663 bonis,
560 1602 664 1670 optime
682 1601 816 1657 Romulae

280 1676 378 1730 Custos
396 1677 494 1745 gentis,
512 1676 579 1730 abes
592 1677 652 1745 jam
669 1676 783 1730 nimium
801 1677 866 1745 diu;

279 1751 421 1806 Maturum
438 1752 558 1807 reditum
576 1746 713 1823 pollicitus
729 1757 841 1822 patrum

314 1828 413 1883 Sancto
430 1829 542 1899 concilio
560 1829 627 1883 redi.

279 1903 381 1958 Lucem
399 1904 485 1959 redde
502 1910 575 1973 tuae,
594 1905 650 1960 dux
666 1904 746 1974 bone,
763 1905 869 1975 patriae
982 1922 997 1963 s

279 1979 372 2033 Instar
389 1980 462 2035 veris
479 1981 552 2035 enim
569 1982 661 2036 vultus
678 1981 726 2034 ubi
743 1985 809 2036 tuus

278 2053 392 2109 Affulsit
408 2056 516 2125 populo,
534 2058 640 2124 gratior
655 2058 679 2113 it
697 2057 758 2110 dies

312 2128 350 2184 Et
367 2131 437 2184 soles
454 2132 551 2185 melius
568 2133 665 2186 nitent

276 2202 318 2256 Ut
334 2207 423 2257 mater
435 2204 574 2272 juvenem,
592 2222 674 2275 quem
692 2207 783 2262 Notus
800 2207 894 2262 invido

277 2276 358 2331 Flatu
376 2278 516 2345 Carpathii
532 2282 610 2332 trans
627 2281 711 2333 maris
728 2297 847 2348 aequora
969 2299 992 2340 ιο

276 2351 456 2406 Cunctantem
475 2354 563 2422 spatio
581 2354 688 2421 longius
705 2370 795 2408 annuo

235 2494 239 2498 ,
310 2426 390 2481 Dulci
408 2428 521 2483 distinet
538 2446 555 2483 a
573 2430 660 2498 domo,

268 2500 356 2556 ‘Votis
374 2504 562 2574 ominibusque
579 2510 609 2559 et
625 2505 752 2574 precibus
769 2513 856 2576 vocet,

275 2577 366 2632 Curvo
383 2595 433 2633 nee
449 2580 546 2633 faciem
562 2575 657 2635 littore
674 2580 817 2638 demovet:

274 2652 320 2707 Sic
337 2652 481 2712 desideriis
497 2656 554 2710 icta
570 2655 699 2710 fidelibus
966 2676 989 2718 ιε

309 2729 423 2794 Quaerit
439 2732 529 2799 patria
546 2733 699 2788 Caesarem.
779 2755 785 2783 ι

231 2823 243 2838 =
273 2802 360 2859 Tutus
376 2805 427 2861 bos
444 2809 546 2862 etenim
563 2824 629 2862 rura
644 2807 825 2878 perambulat

273 2879 371 2935 Nutrit
387 2898 452 2937 rura
468 2883 552 2938 Ceres
568 2885 694 2955 almaque
712 2887 860 2956 Faustitas,

273 2954 404 3011 Pacatum
422 2958 538 3014 volitant
554 2977 605 3029 per
623 2978 698 3016 mare
715 2962 831 3030 navitae,

307 3032 417 3102 Culpari
430 3037 533 3090 metuit
550 3037 650 3104 Fides„
833 3033 856 3056 ²
906 3071 916 3110 ;
961 3064 983 3101 a)

273 3105 363 3163 Nullis
378 3109 510 3178 polluitur
527 3116 603 3166 casta
620 3112 717 3167 domus
734 3111 845 3182 stupris,

273 3181 335 3237 Mos
352 3189 381 3240 ct
397 3185 442 3240 lex
460 3188 623 3241 maculosum
641 3189 763 3243 edomuit
780 3187 864 3254 neas,
