2275 3550
119 183 165 229 112
391 178 544 228 HORATII
561 177 692 227 FLAGOI

117 260 183 314 Plus
202 275 289 329 aequo
305 259 382 327 liber,
401 259 516 326 simplex
533 257 666 325 fortisque
682 255 834 321 habeatur3

118 334 228 389 Caldior
245 337 295 401 est,
310 350 386 388 acres
403 333 477 386 inter
494 337 663 395 numeretur.
698 330 803 400 Opinor

118 410 196 464 Haec
214 427 257 463 res
275 413 304 463 et
317 409 410 477 jungit
424 408 535 475 junctos
552 411 582 461 et
599 409 689 460 seruat
706 407 815 460 amieos.

119 488 159 538 At
176 501 225 538 nos
242 485 360 537 virtutes
378 485 450 552 ipsas
468 483 636 547 invertimus,
654 486 738 548 atque
785 525 791 533 ,
942 486 967 528 55

118 560 260 614 Sincerum
277 559 400 627 cupimus
417 575 464 612 ras
482 560 642 611 incrustare.
678 556 785 610 Probus
801 555 866 625 quis

118 635 268 689 Nobiscum
285 635 360 703 vivit,
379 635 497 689 multum
514 634 650 687 demissus
663 599 761 687 immo:
779 631 819 685 illi

119 711 208 764 Pardo
226 726 375 778 cognomen
393 710 488 777 pingui
507 709 611 762 damus.
647 707 701 761 Hic
718 707 789 775 fugit
807 721 902 762 omnes

119 786 238 840 Insidias
254 786 376 854 nullique
394 785 465 838 malo
482 785 554 838 latus
571 782 650 836 obdit
666 786 799 852 apertum,
865 825 869 832 .

121 862 189 917 Cum
207 878 293 930 genus
310 861 361 914 hoc
378 862 452 913 inter
469 861 542 913 vitae
559 863 684 913 versetur
701 857 749 911 ubi
766 858 837 912 acris
947 872 973 913 so

120 938 229 992 Invidia
245 940 328 1005 atque
346 936 440 1004 rigent
456 935 505 988 ubi
522 934 642 1002 crimina,
659 951 710 1002 pro
726 933 798 987 benc
814 949 882 987 sano

102 1070 105 1077 Α
121 1014 164 1066 Ac
181 1029 234 1066 non
252 1013 361 1079 incauto
378 1012 472 1064 fictum
489 1014 665 1078 astutumque
682 1026 816 1063 vocamus.

121 1089 274 1156 Simplicior
292 1088 352 1157 quis
371 1091 399 1141 et
417 1090 467 1153 est,
486 1085 594 1155 qualem
612 1101 657 1138 me
675 1101 756 1153 saepe
772 1084 891 1138 libenter

121 1163 275 1217 Obtulerim
292 1163 352 1230 tibi,
371 1163 523 1228 Maecenas,
542 1164 575 1214 ut
591 1160 664 1213 forte
681 1160 819 1228 legentem

121 1241 182 1293 Aut
198 1240 313 1293 tacitum
330 1237 452 1306 impellat
469 1237 564 1306 quovis
582 1252 705 1289 sermone
722 1235 860 1303 molestus,
950 1248 975 1288 σε

122 1315 265 1368 Communi
283 1331 365 1369 sensu
382 1315 462 1381 plane
480 1316 564 1380 caret,
581 1312 725 1380 inquimus.
760 1310 846 1376 Eheu,

122 1389 210 1453 Quam
227 1394 331 1443 temere
348 1390 376 1442 in
394 1393 501 1442 nosmet
518 1388 609 1455 legem
627 1386 760 1440 sancimus
777 1384 913 1453 iniquam!

121 1465 149 1518 N
150 1482 194 1517 cm
211 1464 285 1517 vitiis
302 1480 382 1516 nemo
400 1464 457 1517 sine
475 1463 613 1526 nescitur;
630 1462 749 1530 optimus
765 1460 812 1514 ille
830 1466 875 1515 est

123 1540 176 1604 Qui
193 1540 311 1592 minimis
328 1543 449 1606 urgetur.
486 1538 599 1591 Amicus
617 1536 704 1590 dulcis
721 1541 754 1590 ut
771 1553 889 1604 aequum
906 1539 951 1591 est

123 1616 193 1669 Cum
210 1631 272 1668 mea
289 1619 445 1682 compenset
461 1613 536 1666 vitiis
553 1612 641 1677 bona;
658 1612 783 1680 pluribus
800 1612 874 1666 hisce
950 1625 974 1664 ro

124 1691 163 1758 (Si
180 1690 262 1743 modo
279 1690 358 1758 plura
374 1689 441 1742 mihi
458 1689 529 1742 bona
547 1690 619 1754 sunt)
638 1688 757 1756 inclinet,
774 1688 860 1742 amari

124 1766 153 1822 si
171 1765 257 1822 volet:
275 1766 326 1820 hac
342 1766 402 1834 lege
420 1766 449 1819 in
466 1765 571 1820 trutina
587 1767 704 1834 ponetur
722 1764 826 1822 eadem.

124 1843 178 1906 Qui
195 1861 230 1897 ne
247 1842 390 1897 tuberibus
407 1843 524 1912 propriis
542 1841 662 1895 offendat
680 1841 797 1895 amicum

125 1918 252 1973 Postulat
268 1920 391 1987 ignoscet
407 1918 527 1973 verrucis
544 1918 632 1983 illius;
649 1934 767 1985 aequum
784 1919 828 1971 est

125 1994 248 2048 Peccatis
265 1996 372 2048 veniam
388 1998 547 2061 poscentem
564 1993 685 2047 reddere
703 2009 804 2045 rursus.
952 2004 977 2045 ⁷⁵
1071 2039 1072 2044 ,

125 2068 259 2139 Denique,
278 2074 412 2138 quatenus
429 2070 518 2124 excidi
536 2069 646 2136 penitus
663 2068 760 2121 vitium
776 2068 835 2121 irae

126 2144 226 2199 Uetera
242 2146 310 2198 item
327 2149 469 2212 nequeunt
486 2143 579 2196 stultis
596 2143 746 2207 haerentia,
764 2160 813 2196 cur
830 2159 885 2196 non

126 2219 297 2273 Ponderibus
314 2220 486 2286 modulisque
504 2217 561 2270 suis
578 2218 649 2269 ratio
666 2217 762 2282 utitur,
780 2234 813 2269 ac
829 2233 875 2270 res
925 2214 930 2224 ’

125 2294 167 2348 Ut
185 2310 309 2363 quaeque
326 2297 369 2347 est
386 2294 426 2346 ite
444 2292 583 2360 suppliciis
601 2291 704 2344 delicta
720 2293 847 2344 coerect?

126 2369 155 2424 si
174 2368 235 2436 quis
253 2383 315 2431 eum
332 2383 440 2420 servum
456 2366 578 2434 potinem
595 2365 643 2433 qui
660 2365 757 2418 tollore
770 2364 866 2432 jussus
956 2381 980 2421 so

126 2445 252 2499 Semesos
268 2442 355 2511 pisces
372 2442 551 2510 tepidumque
568 2440 704 2507 ligurierit
716 2439 765 2507 jus

126 2521 161 2573 In
179 2536 258 2573 cruce
277 2518 391 2586 suffigat,
410 2516 536 2571 Labeone
554 2515 673 2568 insanior
689 2516 764 2568 inter

127 2595 212 2649 Sanos
231 2593 344 2646 dicatur.
380 2592 488 2657 Quanto
505 2591 557 2645 hoc
574 2590 703 2644 furiosius
721 2595 806 2660 atque

126 2669 219 2738 Majus
236 2670 376 2736 peccatum
394 2672 451 2722 est:
468 2666 579 2734 paulum
596 2666 714 2735 deliquit
731 2668 842 2734 amicus

126 2743 276 2809 Quodnisi
294 2742 426 2798 concedas
443 2742 562 2797 habeare
579 2743 706 2811 insuavis,
725 2742 841 2797 acerbus
956 2756 980 2795 ss

125 2809 219 2875 Odisti
236 2824 265 2874 et
282 2819 353 2887 fugis
370 2824 404 2874 ut
421 2820 561 2873 Rusonem
579 2817 690 2872 debitor
706 2813 785 2891 aeris,

126 2898 180 2961 Qui
198 2896 251 2950 nisi
268 2912 329 2950 cum
347 2895 442 2951 tristes
459 2896 559 2950 misero
577 2910 678 2949 venere
698 2894 842 2948 Kalendae

126 2968 286 3026 Mercedem
304 2974 353 3025 eut
370 2988 495 3025 nummos
512 2970 587 3024 unde
604 2969 679 3024 unde
697 2971 823 3038 extricat,
840 2984 947 3023 amares
968 2983 972 3010 1

127 3047 257 3102 Porrecto
271 3047 369 3116 jugulo
386 3047 513 3102 historias
532 3045 656 3114 captivus
673 3048 706 3099 ut
724 3046 809 3099 audit.

127 3122 296 3176 (lomnrinxit
314 3123 416 3177 lectum
433 3127 515 3192 potus
533 3137 661 3175 mensave
678 3121 801 3176 catillum
959 3134 983 3170 eo

127 3194 249 3252 Evandri
266 3198 392 3253 manibus
409 3199 507 3254 tritum
525 3196 636 3268 dejecit,
654 3196 690 3251 ob
707 3196 778 3251 hanc
794 3210 853 3250 rem
