<?xml version="1.0" encoding="UTF-8"?>
<!DOCTYPE html PUBLIC "-//W3C//DTD XHTML 1.0 Transitional//EN"
    "http://www.w3.org/TR/xhtml1/DTD/xhtml1-transitional.dtd">
<html xmlns="http://www.w3.org/1999/xhtml" xml:lang="en" lang="en">
 <head>
  <title>
</title>
<meta http-equiv="Content-Type" content="text/html;charset=utf-8" />
  <meta name='ocr-system' content='tesseract 3.04.00' />
  <meta name='ocr-capabilities' content='ocr_page ocr_carea ocr_par ocr_line ocrx_word'/>
</head>
<body>
  <div class='ocr_page' id='page_1' title='image "./quintihoraticfl00maclgoog_0185.png"; bbox 0 0 2275 3550; ppageno 0'>
   <div class='ocr_carea' id='block_1_1' title="bbox 309 201 1112 253">
    <p class='ocr_par' dir='ltr' id='par_1_1' title="bbox 309 201 1112 253">
     <span class='ocr_line' id='line_1_1' title="bbox 309 201 1112 253; baseline -0.007 0"><span class='ocrx_word' id='word_1_1' title='bbox 309 204 313 210; x_wconf 83' lang='grc'><strong>’</strong></span> <span class='ocrx_word' id='word_1_2' title='bbox 418 201 675 253; x_wconf 75' lang='grc' dir='ltr'><strong>ΕΡΙὸΤΟΙιΑΒΰΜ</strong></span> <span class='ocrx_word' id='word_1_3' title='bbox 685 202 709 252; x_wconf 85' lang='grc' dir='ltr'><strong>Ι.</strong></span> <span class='ocrx_word' id='word_1_4' title='bbox 724 203 747 253; x_wconf 87' lang='lat'><strong>1.</strong></span> <span class='ocrx_word' id='word_1_5' title='bbox 956 201 1002 251; x_wconf 88' lang='grc'><strong>161</strong></span> <span class='ocrx_word' id='word_1_6' title='bbox 1111 207 1112 230; x_wconf 82' lang='lat'>³</span> 
     </span>
    </p>
   </div>
   <div class='ocr_carea' id='block_1_2' title="bbox 153 277 1022 3136">
    <p class='ocr_par' dir='ltr' id='par_1_2' title="bbox 155 277 828 351">
     <span class='ocr_line' id='line_1_2' title="bbox 155 277 828 351; baseline 0.001 -18"><span class='ocrx_word' id='word_1_7' title='bbox 155 277 186 333; x_wconf 85' lang='lat' dir='ltr'>N</span> <span class='ocrx_word' id='word_1_8' title='bbox 185 295 221 334; x_wconf 92' lang='lat' dir='ltr'><strong>on</strong></span> <span class='ocrx_word' id='word_1_9' title='bbox 237 283 271 336; x_wconf 90' lang='lat' dir='ltr'><strong>ut</strong></span> <span class='ocrx_word' id='word_1_10' title='bbox 287 281 437 350; x_wconf 89' lang='lat' dir='ltr'>porticibus</span> <span class='ocrx_word' id='word_1_11' title='bbox 455 282 495 336; x_wconf 90' lang='lat' dir='ltr'><strong>sic</strong></span> <span class='ocrx_word' id='word_1_12' title='bbox 507 281 620 351; x_wconf 89' lang='lat' dir='ltr'>judiciis</span> <span class='ocrx_word' id='word_1_13' title='bbox 637 281 715 335; x_wconf 86' lang='lat' dir='ltr'><strong>fruar</strong></span> <span class='ocrx_word' id='word_1_14' title='bbox 730 280 828 348; x_wconf 82' lang='lat' dir='ltr'>isdem,</span> 
     </span>
    </p>

    <p class='ocr_par' dir='ltr' id='par_1_3' title="bbox 156 353 940 501">
     <span class='ocr_line' id='line_1_3' title="bbox 156 353 940 426; baseline 0 -18"><span class='ocrx_word' id='word_1_15' title='bbox 156 353 185 408; x_wconf 87' lang='lat' dir='ltr'>N</span> <span class='ocrx_word' id='word_1_16' title='bbox 186 370 218 408; x_wconf 89' lang='lat' dir='ltr'><strong>cc</strong></span> <span class='ocrx_word' id='word_1_17' title='bbox 235 371 335 425; x_wconf 87' lang='lat' dir='ltr'><strong>sequar</strong></span> <span class='ocrx_word' id='word_1_18' title='bbox 351 360 401 410; x_wconf 89' lang='lat' dir='ltr'><strong>aut</strong></span> <span class='ocrx_word' id='word_1_19' title='bbox 417 358 520 425; x_wconf 80' lang='lat' dir='ltr'><strong>tigiam</strong></span> <span class='ocrx_word' id='word_1_20' title='bbox 538 373 610 426; x_wconf 87' lang='lat' dir='ltr'><strong>quae</strong></span> <span class='ocrx_word' id='word_1_21' title='bbox 628 356 719 424; x_wconf 77' lang='lat' dir='ltr'>diligit</span> <span class='ocrx_word' id='word_1_22' title='bbox 736 356 796 425; x_wconf 91' lang='lat' dir='ltr'>ipse</span> <span class='ocrx_word' id='word_1_23' title='bbox 812 354 857 409; x_wconf 87' lang='lat' dir='ltr'><strong>vel</strong></span> <span class='ocrx_word' id='word_1_24' title='bbox 873 353 940 422; x_wconf 88' lang='lat' dir='ltr'>odit,</span> 
     </span>
     <span class='ocr_line' id='line_1_4' title="bbox 158 429 758 501; baseline 0.002 -18"><span class='ocrx_word' id='word_1_25' title='bbox 158 429 232 483; x_wconf 88' lang='lat' dir='ltr'>Olim</span> <span class='ocrx_word' id='word_1_26' title='bbox 250 431 324 499; x_wconf 89' lang='lat' dir='ltr'><strong>quod</strong></span> <span class='ocrx_word' id='word_1_27' title='bbox 341 432 438 501; x_wconf 87' lang='lat' dir='ltr'><strong>vulpes</strong></span> <span class='ocrx_word' id='word_1_28' title='bbox 455 436 568 500; x_wconf 79' lang='lat' dir='ltr'><strong>aegroto</strong></span> <span class='ocrx_word' id='word_1_29' title='bbox 587 437 668 487; x_wconf 88' lang='lat' dir='ltr'><strong>cauta</strong></span> <span class='ocrx_word' id='word_1_30' title='bbox 685 433 758 486; x_wconf 85' lang='lat' dir='ltr'>leoni</span> 
     </span>
    </p>

    <p class='ocr_par' dir='ltr' id='par_1_4' title="bbox 158 505 880 576">
     <span class='ocr_line' id='line_1_5' title="bbox 158 505 880 576; baseline 0.004 -18"><span class='ocrx_word' id='word_1_31' title='bbox 158 505 315 574; x_wconf 78' lang='lat' dir='ltr'>Respondit</span> <span class='ocrx_word' id='word_1_32' title='bbox 331 508 463 564; x_wconf 86' lang='lat' dir='ltr'><strong>referam:</strong></span> <span class='ocrx_word' id='word_1_33' title='bbox 483 509 553 573; x_wconf 80' lang='lat' dir='ltr'><strong>Quia</strong></span> <span class='ocrx_word' id='word_1_34' title='bbox 569 525 615 564; x_wconf 91' lang='lat' dir='ltr'><strong>me</strong></span> <span class='ocrx_word' id='word_1_35' title='bbox 631 507 747 576; x_wconf 82' lang='lat' dir='ltr'>vestigia</span> <span class='ocrx_word' id='word_1_36' title='bbox 764 510 880 575; x_wconf 72' lang='lat' dir='ltr'><strong>terrent,</strong></span> 
     </span>
    </p>

    <p class='ocr_par' dir='ltr' id='par_1_5' title="bbox 158 579 1011 953">
     <span class='ocr_line' id='line_1_6' title="bbox 159 579 1011 652; baseline 0.002 -19"><span class='ocrx_word' id='word_1_37' title='bbox 159 579 260 634; x_wconf 90' lang='lat' dir='ltr'>Omnia</span> <span class='ocrx_word' id='word_1_38' title='bbox 276 584 306 635; x_wconf 87' lang='lat' dir='ltr'><strong>te</strong></span> <span class='ocrx_word' id='word_1_39' title='bbox 324 581 470 637; x_wconf 78' lang='lat' dir='ltr'>adversim</span> <span class='ocrx_word' id='word_1_40' title='bbox 488 584 648 652; x_wconf 86' lang='lat' dir='ltr'><strong>spectantia,</strong></span> <span class='ocrx_word' id='word_1_41' title='bbox 665 583 740 637; x_wconf 89' lang='lat' dir='ltr'><strong>nulla</strong></span> <span class='ocrx_word' id='word_1_42' title='bbox 757 586 915 636; x_wconf 82' lang='lat' dir='ltr'><strong>retrorsum.</strong></span> <span class='ocrx_word' id='word_1_43' title='bbox 987 595 1011 636; x_wconf 76' lang='lat' dir='ltr'><strong>rs</strong></span> 
     </span>
     <span class='ocr_line' id='line_1_7' title="bbox 158 654 1010 728; baseline 0.004 -19"><span class='ocrx_word' id='word_1_44' title='bbox 158 654 257 710; x_wconf 89' lang='lat' dir='ltr'><strong>Bellua</strong></span> <span class='ocrx_word' id='word_1_45' title='bbox 263 656 412 711; x_wconf 84' lang='lat' dir='ltr'><strong>multorum</strong></span> <span class='ocrx_word' id='word_1_46' title='bbox 421 674 452 712; x_wconf 87' lang='lat' dir='ltr'>es</span> <span class='ocrx_word' id='word_1_47' title='bbox 458 659 585 728; x_wconf 82' lang='lat' dir='ltr'><strong>capitum.</strong></span> <span class='ocrx_word' id='word_1_48' title='bbox 603 658 748 727; x_wconf 88' lang='lat' dir='ltr'>Namquid</span> <span class='ocrx_word' id='word_1_49' title='bbox 754 674 854 727; x_wconf 85' lang='lat' dir='ltr'><strong>sequar</strong></span> <span class='ocrx_word' id='word_1_50' title='bbox 860 661 909 711; x_wconf 87' lang='lat' dir='ltr'><strong>aut</strong></span> <span class='ocrx_word' id='word_1_51' title='bbox 915 658 1010 725; x_wconf 80' lang='lat' dir='ltr'><strong>queml</strong></span> 
     </span>
     <span class='ocr_line' id='line_1_8' title="bbox 160 729 941 803; baseline 0.003 -19"><span class='ocrx_word' id='word_1_52' title='bbox 160 729 230 784; x_wconf 87' lang='lat' dir='ltr'><strong>Pars</strong></span> <span class='ocrx_word' id='word_1_53' title='bbox 247 731 387 786; x_wconf 91' lang='lat' dir='ltr'>hominum</span> <span class='ocrx_word' id='word_1_54' title='bbox 404 734 491 802; x_wconf 82' lang='lat' dir='ltr'><strong>gestit</strong></span> <span class='ocrx_word' id='word_1_55' title='bbox 507 734 661 789; x_wconf 86' lang='lat' dir='ltr'>conducere</span> <span class='ocrx_word' id='word_1_56' title='bbox 677 733 794 803; x_wconf 87' lang='lat' dir='ltr'><strong>publica,</strong></span> <span class='ocrx_word' id='word_1_57' title='bbox 812 737 877 787; x_wconf 91' lang='lat' dir='ltr'><strong>sunt</strong></span> <span class='ocrx_word' id='word_1_58' title='bbox 893 733 941 800; x_wconf 87' lang='lat' dir='ltr'><strong>qui</strong></span> 
     </span>
     <span class='ocr_line' id='line_1_9' title="bbox 160 805 805 878; baseline 0.003 -18"><span class='ocrx_word' id='word_1_59' title='bbox 160 805 268 861; x_wconf 82' lang='lat' dir='ltr'><strong>(lrustis</strong></span> <span class='ocrx_word' id='word_1_60' title='bbox 285 812 315 862; x_wconf 92' lang='lat' dir='ltr'><strong>et</strong></span> <span class='ocrx_word' id='word_1_61' title='bbox 331 809 419 878; x_wconf 90' lang='lat' dir='ltr'>pomis</span> <span class='ocrx_word' id='word_1_62' title='bbox 435 809 532 863; x_wconf 80' lang='lat' dir='ltr'>viduas</span> <span class='ocrx_word' id='word_1_63' title='bbox 549 813 684 864; x_wconf 72' lang='lat' dir='ltr'><strong>venentur</strong></span> <span class='ocrx_word' id='word_1_64' title='bbox 701 825 805 877; x_wconf 86' lang='lat' dir='ltr'><strong>avaras,</strong></span> 
     </span>
     <span class='ocr_line' id='line_1_10' title="bbox 160 880 852 953; baseline 0.004 -18"><span class='ocrx_word' id='word_1_65' title='bbox 160 880 360 951; x_wconf 78' lang='lat' dir='ltr'><strong>Excipiantque</strong></span> <span class='ocrx_word' id='word_1_66' title='bbox 377 900 455 938; x_wconf 87' lang='lat' dir='ltr'>senes</span> <span class='ocrx_word' id='word_1_67' title='bbox 473 901 541 953; x_wconf 90' lang='lat' dir='ltr'>quos</span> <span class='ocrx_word' id='word_1_68' title='bbox 558 886 588 938; x_wconf 91' lang='lat' dir='ltr'>in</span> <span class='ocrx_word' id='word_1_69' title='bbox 604 885 707 939; x_wconf 84' lang='lat' dir='ltr'><strong>vivaria</strong></span> <span class='ocrx_word' id='word_1_70' title='bbox 723 885 838 939; x_wconf 89' lang='lat' dir='ltr'><strong>mittant</strong></span> <span class='ocrx_word' id='word_1_71' title='bbox 843 904 852 951; x_wconf 83' lang='lat'><em>3</em></span> 
     </span>
    </p>

    <p class='ocr_par' dir='ltr' id='par_1_6' title="bbox 159 956 1011 1106">
     <span class='ocr_line' id='line_1_11' title="bbox 159 956 1011 1015; baseline 0.002 -5"><span class='ocrx_word' id='word_1_72' title='bbox 159 956 258 1013; x_wconf 85' lang='lat' dir='ltr'>Multis</span> <span class='ocrx_word' id='word_1_73' title='bbox 274 960 379 1014; x_wconf 87' lang='lat' dir='ltr'>occulto</span> <span class='ocrx_word' id='word_1_74' title='bbox 396 961 495 1015; x_wconf 89' lang='lat' dir='ltr'>crescit</span> <span class='ocrx_word' id='word_1_75' title='bbox 511 977 557 1015; x_wconf 88' lang='lat' dir='ltr'><strong>res</strong></span> <span class='ocrx_word' id='word_1_76' title='bbox 573 962 674 1015; x_wconf 90' lang='lat' dir='ltr'><strong>fenore.</strong></span> <span class='ocrx_word' id='word_1_77' title='bbox 710 961 816 1014; x_wconf 88' lang='lat' dir='ltr'><strong>Verum</strong></span> <span class='ocrx_word' id='word_1_78' title='bbox 987 973 1011 1012; x_wconf 86' lang='lat' dir='ltr'>so</span> 
     </span>
     <span class='ocr_line' id='line_1_12' title="bbox 160 1031 792 1106; baseline 0.006 -20"><span class='ocrx_word' id='word_1_79' title='bbox 160 1031 229 1086; x_wconf 78' lang='lat' dir='ltr'>Esto</span> <span class='ocrx_word' id='word_1_80' title='bbox 245 1034 306 1089; x_wconf 91' lang='lat' dir='ltr'>aliis</span> <span class='ocrx_word' id='word_1_81' title='bbox 323 1034 390 1089; x_wconf 88' lang='lat' dir='ltr'>alios</span> <span class='ocrx_word' id='word_1_82' title='bbox 406 1035 489 1089; x_wconf 90' lang='lat' dir='ltr'><strong>rebus</strong></span> <span class='ocrx_word' id='word_1_83' title='bbox 507 1036 660 1106; x_wconf 86' lang='lat' dir='ltr'>studiisque</span> <span class='ocrx_word' id='word_1_84' title='bbox 677 1036 792 1090; x_wconf 88' lang='lat' dir='ltr'><strong>teneri:·</strong></span> 
     </span>
    </p>

    <p class='ocr_par' dir='ltr' id='par_1_7' title="bbox 160 1107 901 1255">
     <span class='ocr_line' id='line_1_13' title="bbox 160 1107 901 1180; baseline 0.005 -19"><span class='ocrx_word' id='word_1_85' title='bbox 160 1107 243 1162; x_wconf 89' lang='lat' dir='ltr'><strong>Idem</strong></span> <span class='ocrx_word' id='word_1_86' title='bbox 259 1110 357 1164; x_wconf 86' lang='lat' dir='ltr'>eadem</span> <span class='ocrx_word' id='word_1_87' title='bbox 374 1115 489 1180; x_wconf 93' lang='lat' dir='ltr'>possunt</span> <span class='ocrx_word' id='word_1_88' title='bbox 505 1110 601 1165; x_wconf 90' lang='lat' dir='ltr'><strong>horam</strong></span> <span class='ocrx_word' id='word_1_89' title='bbox 618 1112 718 1164; x_wconf 88' lang='lat' dir='ltr'><strong>durare</strong></span> <span class='ocrx_word' id='word_1_90' title='bbox 735 1109 901 1179; x_wconf 84' lang='lat' dir='ltr'><strong>probantesl</strong></span> 
     </span>
     <span class='ocr_line' id='line_1_14' title="bbox 160 1182 878 1255; baseline 0.003 -18"><span class='ocrx_word' id='word_1_91' title='bbox 160 1182 262 1237; x_wconf 85' lang='lat' dir='ltr'><strong>Nullus</strong></span> <span class='ocrx_word' id='word_1_92' title='bbox 277 1185 307 1238; x_wconf 90' lang='lat' dir='ltr'>in</span> <span class='ocrx_word' id='word_1_93' title='bbox 324 1184 391 1239; x_wconf 88' lang='lat' dir='ltr'><strong>orbe</strong></span> <span class='ocrx_word' id='word_1_94' title='bbox 409 1186 483 1239; x_wconf 87' lang='lat' dir='ltr'>sinus</span> <span class='ocrx_word' id='word_1_95' title='bbox 501 1187 577 1240; x_wconf 86' lang='lat' dir='ltr'>Baiis</span> <span class='ocrx_word' id='word_1_96' title='bbox 594 1186 733 1255; x_wconf 79' lang='lat' dir='ltr'><strong>praelucet</strong></span> <span class='ocrx_word' id='word_1_97' title='bbox 750 1186 878 1253; x_wconf 80' lang='lat' dir='ltr'><strong>amoenis,</strong></span> 
     </span>
    </p>

    <p class='ocr_par' dir='ltr' id='par_1_8' title="bbox 160 1258 1012 1479">
     <span class='ocr_line' id='line_1_15' title="bbox 161 1258 930 1329; baseline 0 -15"><span class='ocrx_word' id='word_1_98' title='bbox 161 1258 192 1314; x_wconf 81' lang='lat' dir='ltr'>si</span> <span class='ocrx_word' id='word_1_99' title='bbox 209 1259 281 1313; x_wconf 81' lang='lat' dir='ltr'>dixit</span> <span class='ocrx_word' id='word_1_100' title='bbox 297 1260 381 1329; x_wconf 82' lang='lat' dir='ltr'>dives,</span> <span class='ocrx_word' id='word_1_101' title='bbox 397 1260 472 1315; x_wconf 82' lang='lat' dir='ltr'><strong>lacus</strong></span> <span class='ocrx_word' id='word_1_102' title='bbox 489 1264 519 1314; x_wconf 92' lang='lat' dir='ltr'><strong>et</strong></span> <span class='ocrx_word' id='word_1_103' title='bbox 536 1277 613 1314; x_wconf 76' lang='lat' dir='ltr'><strong>nare</strong></span> <span class='ocrx_word' id='word_1_104' title='bbox 630 1261 715 1314; x_wconf 78' lang='lat' dir='ltr'><strong>sentit</strong></span> <span class='ocrx_word' id='word_1_105' title='bbox 731 1276 852 1314; x_wconf 88' lang='lat' dir='ltr'><strong>amorem</strong></span> <span class='ocrx_word' id='word_1_106' title='bbox 926 1279 930 1288; x_wconf 92' lang='lat'><strong>·</strong></span> 
     </span>
     <span class='ocr_line' id='line_1_16' title="bbox 161 1332 1012 1401; baseline 0.004 -15"><span class='ocrx_word' id='word_1_107' title='bbox 161 1332 328 1389; x_wconf 80' lang='lat' dir='ltr'>Festinantis</span> <span class='ocrx_word' id='word_1_108' title='bbox 345 1334 419 1401; x_wconf 82' lang='lat' dir='ltr'><strong>heri;</strong></span> <span class='ocrx_word' id='word_1_109' title='bbox 436 1337 480 1390; x_wconf 90' lang='lat' dir='ltr'><strong>cui</strong></span> <span class='ocrx_word' id='word_1_110' title='bbox 498 1336 522 1390; x_wconf 91' lang='lat' dir='ltr'><strong>si</strong></span> <span class='ocrx_word' id='word_1_111' title='bbox 538 1336 637 1390; x_wconf 86' lang='lat' dir='ltr'>vitiosa</span> <span class='ocrx_word' id='word_1_112' title='bbox 652 1335 738 1389; x_wconf 87' lang='lat' dir='ltr'>libido</span> <span class='ocrx_word' id='word_1_113' title='bbox 781 1384 786 1393; x_wconf 74' lang='grc'><strong>,</strong></span> <span class='ocrx_word' id='word_1_114' title='bbox 987 1349 1012 1389; x_wconf 78' lang='lat' dir='ltr'><strong>ss</strong></span> 
     </span>
     <span class='ocr_line' id='line_1_17' title="bbox 160 1407 873 1479; baseline 0.004 -17"><span class='ocrx_word' id='word_1_115' title='bbox 160 1407 272 1463; x_wconf 79' lang='lat' dir='ltr'>Feoerit</span> <span class='ocrx_word' id='word_1_116' title='bbox 288 1411 445 1479; x_wconf 88' lang='lat' dir='ltr'><strong>auspicium,</strong></span> <span class='ocrx_word' id='word_1_117' title='bbox 463 1411 551 1466; x_wconf 76' lang='lat' dir='ltr'><strong>“uras</strong></span> <span class='ocrx_word' id='word_1_118' title='bbox 567 1411 735 1465; x_wconf 85' lang='lat' dir='ltr'><strong>ferramenta</strong></span> <span class='ocrx_word' id='word_1_119' title='bbox 752 1410 873 1465; x_wconf 79' lang='lat' dir='ltr'><strong>Teanum</strong></span> 
     </span>
    </p>

    <p class='ocr_par' dir='ltr' id='par_1_9' title="bbox 160 1482 855 1555">
     <span class='ocr_line' id='line_1_18' title="bbox 160 1482 855 1555; baseline 0.003 -18"><span class='ocrx_word' id='word_1_120' title='bbox 160 1482 281 1553; x_wconf 78' lang='lat' dir='ltr'>Tolletis,</span> <span class='ocrx_word' id='word_1_121' title='bbox 298 1485 392 1540; x_wconf 65' lang='lat' dir='ltr'><strong>fabril’</strong></span> <span class='ocrx_word' id='word_1_122' title='bbox 429 1486 531 1541; x_wconf 87' lang='lat' dir='ltr'>Lectus</span> <span class='ocrx_word' id='word_1_123' title='bbox 548 1486 663 1555; x_wconf 85' lang='lat' dir='ltr'>genialis</span> <span class='ocrx_word' id='word_1_124' title='bbox 678 1487 708 1538; x_wconf 92' lang='lat' dir='ltr'>in</span> <span class='ocrx_word' id='word_1_125' title='bbox 724 1486 788 1539; x_wconf 88' lang='lat' dir='ltr'><strong>aula</strong></span> <span class='ocrx_word' id='word_1_126' title='bbox 804 1488 855 1555; x_wconf 87' lang='lat' dir='ltr'><strong>est,</strong></span> 
     </span>
    </p>

    <p class='ocr_par' dir='ltr' id='par_1_10' title="bbox 160 1558 823 1630">
     <span class='ocr_line' id='line_1_19' title="bbox 160 1558 823 1630; baseline 0.006 -18"><span class='ocrx_word' id='word_1_127' title='bbox 160 1558 208 1613; x_wconf 89' lang='lat' dir='ltr'><strong>Nil</strong></span> <span class='ocrx_word' id='word_1_128' title='bbox 225 1560 266 1614; x_wconf 90' lang='lat' dir='ltr'><strong>ait</strong></span> <span class='ocrx_word' id='word_1_129' title='bbox 282 1577 343 1615; x_wconf 90' lang='lat' dir='ltr'>esse</span> <span class='ocrx_word' id='word_1_130' title='bbox 358 1561 442 1630; x_wconf 88' lang='lat' dir='ltr'><strong>prius,</strong></span> <span class='ocrx_word' id='word_1_131' title='bbox 459 1563 557 1616; x_wconf 89' lang='lat' dir='ltr'>melius</span> <span class='ocrx_word' id='word_1_132' title='bbox 574 1562 614 1615; x_wconf 90' lang='lat' dir='ltr'>nil</span> <span class='ocrx_word' id='word_1_133' title='bbox 631 1561 735 1615; x_wconf 89' lang='lat' dir='ltr'>caelibe</span> <span class='ocrx_word' id='word_1_134' title='bbox 752 1561 823 1626; x_wconf 86' lang='lat' dir='ltr'><strong>vita;</strong></span> 
     </span>
    </p>

    <p class='ocr_par' dir='ltr' id='par_1_11' title="bbox 160 1633 791 1704">
     <span class='ocr_line' id='line_1_20' title="bbox 160 1633 791 1704; baseline 0.005 -17"><span class='ocrx_word' id='word_1_135' title='bbox 160 1633 190 1688; x_wconf 79' lang='lat' dir='ltr'>Si</span> <span class='ocrx_word' id='word_1_136' title='bbox 207 1651 262 1689; x_wconf 92' lang='lat' dir='ltr'><strong>non</strong></span> <span class='ocrx_word' id='word_1_137' title='bbox 278 1640 323 1690; x_wconf 90' lang='lat' dir='ltr'><strong>est</strong></span> <span class='ocrx_word' id='word_1_138' title='bbox 335 1636 414 1704; x_wconf 86' lang='lat' dir='ltr'><strong>jurat</strong></span> <span class='ocrx_word' id='word_1_139' title='bbox 430 1636 500 1692; x_wconf 89' lang='lat' dir='ltr'>bene</span> <span class='ocrx_word' id='word_1_140' title='bbox 518 1637 583 1691; x_wconf 89' lang='lat' dir='ltr'>solis</span> <span class='ocrx_word' id='word_1_141' title='bbox 600 1653 660 1691; x_wconf 89' lang='lat' dir='ltr'>esse</span> <span class='ocrx_word' id='word_1_142' title='bbox 677 1636 791 1691; x_wconf 86' lang='lat' dir='ltr'><strong>maritis.</strong></span> 
     </span>
    </p>

    <p class='ocr_par' dir='ltr' id='par_1_12' title="bbox 160 1710 1010 1860">
     <span class='ocr_line' id='line_1_21' title="bbox 161 1710 1010 1775; baseline 0 -11"><span class='ocrx_word' id='word_1_143' title='bbox 161 1710 221 1775; x_wconf 82' lang='lat' dir='ltr'><strong>Quo</strong></span> <span class='ocrx_word' id='word_1_144' title='bbox 237 1714 346 1765; x_wconf 87' lang='lat' dir='ltr'><strong>teneam</strong></span> <span class='ocrx_word' id='word_1_145' title='bbox 363 1712 456 1766; x_wconf 80' lang='lat' dir='ltr'><strong>wiltus</strong></span> <span class='ocrx_word' id='word_1_146' title='bbox 472 1715 628 1767; x_wconf 76' lang='lat' dir='ltr'><strong>mutantem</strong></span> <span class='ocrx_word' id='word_1_147' title='bbox 647 1712 748 1766; x_wconf 86' lang='lat' dir='ltr'><strong>Protea</strong></span> <span class='ocrx_word' id='word_1_148' title='bbox 765 1711 855 1765; x_wconf 82' lang='lat' dir='ltr'>nodol</span> <span class='ocrx_word' id='word_1_149' title='bbox 986 1726 1010 1766; x_wconf 83' lang='lat' dir='ltr'><strong>sa</strong></span> 
     </span>
     <span class='ocr_line' id='line_1_22' title="bbox 160 1785 881 1860; baseline 0.001 -21"><span class='ocrx_word' id='word_1_150' title='bbox 160 1785 234 1851; x_wconf 84' lang='lat' dir='ltr'><strong>Quid</strong></span> <span class='ocrx_word' id='word_1_151' title='bbox 250 1789 372 1857; x_wconf 74' lang='lat' dir='ltr'><strong>paupert</strong></span> <span class='ocrx_word' id='word_1_152' title='bbox 408 1788 495 1842; x_wconf 84' lang='lat' dir='ltr'>Ride:</span> <span class='ocrx_word' id='word_1_153' title='bbox 513 1792 604 1842; x_wconf 85' lang='lat' dir='ltr'><strong>mutat</strong></span> <span class='ocrx_word' id='word_1_154' title='bbox 621 1787 772 1860; x_wconf 82' lang='lat' dir='ltr'><strong>coenacula,</strong></span> <span class='ocrx_word' id='word_1_155' title='bbox 790 1787 881 1855; x_wconf 86' lang='lat' dir='ltr'>lectos,</span> 
     </span>
    </p>

    <p class='ocr_par' dir='ltr' id='par_1_13' title="bbox 159 1861 817 1931">
     <span class='ocr_line' id='line_1_23' title="bbox 159 1861 817 1931; baseline 0 -16"><span class='ocrx_word' id='word_1_156' title='bbox 159 1861 270 1929; x_wconf 79' lang='lat' dir='ltr'><strong>Balnea,</strong></span> <span class='ocrx_word' id='word_1_157' title='bbox 287 1866 419 1931; x_wconf 88' lang='lat' dir='ltr'>tonsores,</span> <span class='ocrx_word' id='word_1_158' title='bbox 436 1862 572 1917; x_wconf 89' lang='lat' dir='ltr'>conducto</span> <span class='ocrx_word' id='word_1_159' title='bbox 589 1863 698 1930; x_wconf 86' lang='lat' dir='ltr'>navigio</span> <span class='ocrx_word' id='word_1_160' title='bbox 715 1878 817 1931; x_wconf 88' lang='lat' dir='ltr'><strong>aeque.</strong></span> 
     </span>
    </p>

    <p class='ocr_par' dir='ltr' id='par_1_14' title="bbox 153 1934 903 2006">
     <span class='ocr_line' id='line_1_24' title="bbox 153 1934 903 2006; baseline 0.001 -16"><span class='ocrx_word' id='word_1_161' title='bbox 153 1934 283 1990; x_wconf 70' lang='lat' dir='ltr'><strong>&#39;Nauseat</strong></span> <span class='ocrx_word' id='word_1_162' title='bbox 300 1953 333 1991; x_wconf 87' lang='lat' dir='ltr'><strong>ac</strong></span> <span class='ocrx_word' id='word_1_163' title='bbox 349 1937 469 2006; x_wconf 85' lang='lat' dir='ltr'><strong>locuples</strong></span> <span class='ocrx_word' id='word_1_164' title='bbox 486 1954 568 2006; x_wconf 87' lang='lat' dir='ltr'><strong>quem</strong></span> <span class='ocrx_word' id='word_1_165' title='bbox 587 1937 664 1990; x_wconf 90' lang='lat' dir='ltr'>ducit</span> <span class='ocrx_word' id='word_1_166' title='bbox 680 1938 758 2005; x_wconf 84' lang='lat' dir='ltr'><strong>priva</strong></span> <span class='ocrx_word' id='word_1_167' title='bbox 774 1935 903 1991; x_wconf 84' lang='lat' dir='ltr'><strong>triremis.</strong></span> 
     </span>
    </p>

    <p class='ocr_par' dir='ltr' id='par_1_15' title="bbox 159 2010 728 2082">
     <span class='ocr_line' id='line_1_25' title="bbox 159 2010 728 2082; baseline 0 -18"><span class='ocrx_word' id='word_1_168' title='bbox 159 2010 190 2065; x_wconf 84' lang='lat' dir='ltr'><strong>si</strong></span> <span class='ocrx_word' id='word_1_169' title='bbox 207 2015 317 2066; x_wconf 89' lang='lat' dir='ltr'><strong>curatus</strong></span> <span class='ocrx_word' id='word_1_170' title='bbox 333 2011 469 2082; x_wconf 85' lang='lat' dir='ltr'><strong>inaequali</strong></span> <span class='ocrx_word' id='word_1_171' title='bbox 486 2016 599 2066; x_wconf 85' lang='lat' dir='ltr'>tonsore</span> <span class='ocrx_word' id='word_1_172' title='bbox 616 2011 728 2080; x_wconf 81' lang='lat' dir='ltr'>capillos</span> 
     </span>
    </p>

    <p class='ocr_par' dir='ltr' id='par_1_16' title="bbox 159 2086 1011 2308">
     <span class='ocr_line' id='line_1_26' title="bbox 160 2086 1011 2155; baseline 0.002 -15"><span class='ocrx_word' id='word_1_173' title='bbox 160 2086 281 2155; x_wconf 89' lang='lat' dir='ltr'><strong>Occurri‚</strong></span> <span class='ocrx_word' id='word_1_174' title='bbox 298 2086 388 2153; x_wconf 88' lang='lat' dir='ltr'>rides;</span> <span class='ocrx_word' id='word_1_175' title='bbox 404 2088 428 2140; x_wconf 94' lang='lat' dir='ltr'><strong>si</strong></span> <span class='ocrx_word' id='word_1_176' title='bbox 444 2088 516 2142; x_wconf 81' lang='lat' dir='ltr'><strong>forte</strong></span> <span class='ocrx_word' id='word_1_177' title='bbox 534 2087 665 2141; x_wconf 89' lang='lat' dir='ltr'><strong>subucula</strong></span> <span class='ocrx_word' id='word_1_178' title='bbox 681 2102 769 2155; x_wconf 86' lang='lat' dir='ltr'><strong>pexae</strong></span> <span class='ocrx_word' id='word_1_179' title='bbox 987 2101 1011 2144; x_wconf 77' lang='lat' dir='ltr'><strong>ss</strong></span> 
     </span>
     <span class='ocr_line' id='line_1_27' title="bbox 159 2161 901 2231; baseline 0 -16"><span class='ocrx_word' id='word_1_180' title='bbox 159 2161 237 2216; x_wconf 80' lang='lat' dir='ltr'><strong>Trita</strong></span> <span class='ocrx_word' id='word_1_181' title='bbox 253 2161 349 2216; x_wconf 87' lang='lat' dir='ltr'>subest</span> <span class='ocrx_word' id='word_1_182' title='bbox 365 2162 473 2217; x_wconf 83' lang='lat' dir='ltr'><strong>tunicae</strong></span> <span class='ocrx_word' id='word_1_183' title='bbox 490 2163 535 2218; x_wconf 83' lang='lat' dir='ltr'><strong>vel</strong></span> <span class='ocrx_word' id='word_1_184' title='bbox 552 2164 576 2216; x_wconf 93' lang='lat' dir='ltr'><strong>si</strong></span> <span class='ocrx_word' id='word_1_185' title='bbox 593 2167 659 2230; x_wconf 82' lang='lat' dir='ltr'><strong>toga</strong></span> <span class='ocrx_word' id='word_1_186' title='bbox 675 2163 790 2216; x_wconf 85' lang='lat' dir='ltr'><strong>dissidet</strong></span> <span class='ocrx_word' id='word_1_187' title='bbox 806 2161 901 2231; x_wconf 92' lang='lat' dir='ltr'><strong>impar,</strong></span> 
     </span>
     <span class='ocr_line' id='line_1_28' title="bbox 160 2236 902 2308; baseline -0.001 -15"><span class='ocrx_word' id='word_1_188' title='bbox 160 2236 260 2293; x_wconf 85' lang='lat' dir='ltr'>Rides:</span> <span class='ocrx_word' id='word_1_189' title='bbox 277 2238 352 2306; x_wconf 74' lang='lat' dir='ltr'>quid,</span> <span class='ocrx_word' id='word_1_190' title='bbox 369 2255 432 2293; x_wconf 89' lang='lat' dir='ltr'><strong>mea</strong></span> <span class='ocrx_word' id='word_1_191' title='bbox 448 2255 510 2293; x_wconf 90' lang='lat' dir='ltr'><strong>cum</strong></span> <span class='ocrx_word' id='word_1_192' title='bbox 526 2242 632 2308; x_wconf 86' lang='lat' dir='ltr'><strong>pugnat</strong></span> <span class='ocrx_word' id='word_1_193' title='bbox 649 2239 785 2292; x_wconf 86' lang='lat' dir='ltr'><strong>sententia</strong></span> <span class='ocrx_word' id='word_1_194' title='bbox 801 2254 902 2307; x_wconf 87' lang='lat' dir='ltr'>secum,</span> 
     </span>
    </p>

    <p class='ocr_par' dir='ltr' id='par_1_17' title="bbox 160 2312 901 2456">
     <span class='ocr_line' id='line_1_29' title="bbox 160 2312 901 2383; baseline 0.003 -17"><span class='ocrx_word' id='word_1_195' title='bbox 160 2312 241 2378; x_wconf 86' lang='lat' dir='ltr'><strong>Quod</strong></span> <span class='ocrx_word' id='word_1_196' title='bbox 257 2313 340 2382; x_wconf 90' lang='lat' dir='ltr'>petiit</span> <span class='ocrx_word' id='word_1_197' title='bbox 357 2314 469 2383; x_wconf 88' lang='lat' dir='ltr'><strong>spernit,</strong></span> <span class='ocrx_word' id='word_1_198' title='bbox 486 2314 589 2382; x_wconf 84' lang='lat' dir='ltr'><strong>repetit</strong></span> <span class='ocrx_word' id='word_1_199' title='bbox 606 2313 682 2383; x_wconf 91' lang='lat' dir='ltr'><strong>quod</strong></span> <span class='ocrx_word' id='word_1_200' title='bbox 698 2329 785 2380; x_wconf 90' lang='lat' dir='ltr'><strong>nuper</strong></span> <span class='ocrx_word' id='word_1_201' title='bbox 802 2314 901 2383; x_wconf 88' lang='lat' dir='ltr'>omisit,</span> 
     </span>
     <span class='ocr_line' id='line_1_30' title="bbox 161 2388 801 2456; baseline -0.002 -14"><span class='ocrx_word' id='word_1_202' title='bbox 161 2389 280 2443; x_wconf 83' lang='lat' dir='ltr'><strong>Aestuat</strong></span> <span class='ocrx_word' id='word_1_203' title='bbox 297 2392 327 2442; x_wconf 91' lang='lat' dir='ltr'><strong>et</strong></span> <span class='ocrx_word' id='word_1_204' title='bbox 343 2390 417 2444; x_wconf 82' lang='lat' dir='ltr'><strong>vitae</strong></span> <span class='ocrx_word' id='word_1_205' title='bbox 434 2389 605 2444; x_wconf 77' lang='lat' dir='ltr'>disconvenit</span> <span class='ocrx_word' id='word_1_206' title='bbox 622 2388 717 2442; x_wconf 90' lang='lat' dir='ltr'>ordine</span> <span class='ocrx_word' id='word_1_207' title='bbox 733 2392 801 2456; x_wconf 87' lang='lat' dir='ltr'><strong>toto,</strong></span> 
     </span>
    </p>

    <p class='ocr_par' dir='ltr' id='par_1_18' title="bbox 162 2461 1008 2609">
     <span class='ocr_line' id='line_1_31' title="bbox 162 2461 1008 2534; baseline 0.002 -17"><span class='ocrx_word' id='word_1_208' title='bbox 162 2461 260 2530; x_wconf 76' lang='lat' dir='ltr'><strong>Dii-uit,</strong></span> <span class='ocrx_word' id='word_1_209' title='bbox 277 2464 412 2533; x_wconf 88' lang='lat' dir='ltr'><strong>aedificat,</strong></span> <span class='ocrx_word' id='word_1_210' title='bbox 429 2469 520 2520; x_wconf 83' lang='lat' dir='ltr'><strong>mutat</strong></span> <span class='ocrx_word' id='word_1_211' title='bbox 537 2464 673 2534; x_wconf 86' lang='lat' dir='ltr'><strong>quadrata</strong></span> <span class='ocrx_word' id='word_1_212' title='bbox 693 2464 835 2519; x_wconf 83' lang='lat' dir='ltr'>rotundisl</span> <span class='ocrx_word' id='word_1_213' title='bbox 974 2478 1008 2519; x_wconf 81' lang='lat' dir='ltr'><strong>roo</strong></span> 
     </span>
     <span class='ocr_line' id='line_1_32' title="bbox 162 2537 809 2609; baseline 0.002 -17"><span class='ocrx_word' id='word_1_214' title='bbox 162 2537 284 2593; x_wconf 85' lang='lat' dir='ltr'>Insanire</span> <span class='ocrx_word' id='word_1_215' title='bbox 300 2543 382 2606; x_wconf 88' lang='lat' dir='ltr'><strong>putas</strong></span> <span class='ocrx_word' id='word_1_216' title='bbox 399 2539 540 2594; x_wconf 89' lang='lat' dir='ltr'>sollemnia</span> <span class='ocrx_word' id='word_1_217' title='bbox 556 2556 602 2593; x_wconf 92' lang='lat' dir='ltr'><strong>me</strong></span> <span class='ocrx_word' id='word_1_218' title='bbox 619 2555 709 2609; x_wconf 89' lang='lat' dir='ltr'><strong>neque</strong></span> <span class='ocrx_word' id='word_1_219' title='bbox 726 2539 809 2608; x_wconf 86' lang='lat' dir='ltr'>rides,</span> 
     </span>
    </p>

    <p class='ocr_par' dir='ltr' id='par_1_19' title="bbox 162 2610 759 2681">
     <span class='ocr_line' id='line_1_33' title="bbox 162 2610 759 2681; baseline -0.002 -13"><span class='ocrx_word' id='word_1_220' title='bbox 162 2610 219 2668; x_wconf 88' lang='lat' dir='ltr'><strong>Nec</strong></span> <span class='ocrx_word' id='word_1_221' title='bbox 235 2614 335 2669; x_wconf 90' lang='lat' dir='ltr'>medici</span> <span class='ocrx_word' id='word_1_222' title='bbox 352 2614 442 2668; x_wconf 89' lang='lat' dir='ltr'>credis</span> <span class='ocrx_word' id='word_1_223' title='bbox 458 2620 509 2669; x_wconf 88' lang='lat' dir='ltr'><strong>nec</strong></span> <span class='ocrx_word' id='word_1_224' title='bbox 525 2616 659 2669; x_wconf 86' lang='lat' dir='ltr'><strong>curatoris</strong></span> <span class='ocrx_word' id='word_1_225' title='bbox 677 2631 759 2681; x_wconf 85' lang='lat' dir='ltr'><strong>egere</strong></span> 
     </span>
    </p>

    <p class='ocr_par' dir='ltr' id='par_1_20' title="bbox 163 2689 770 2758">
     <span class='ocr_line' id='line_1_34' title="bbox 163 2689 770 2758; baseline -0.003 -15"><span class='ocrx_word' id='word_1_226' title='bbox 163 2691 188 2743; x_wconf 79' lang='lat' dir='ltr'>A</span> <span class='ocrx_word' id='word_1_227' title='bbox 204 2692 332 2758; x_wconf 87' lang='lat' dir='ltr'><strong>praetore</strong></span> <span class='ocrx_word' id='word_1_228' title='bbox 349 2689 415 2757; x_wconf 91' lang='lat' dir='ltr'><strong>dati,</strong></span> <span class='ocrx_word' id='word_1_229' title='bbox 433 2706 525 2751; x_wconf 87' lang='lat' dir='ltr'><strong>rerum</strong></span> <span class='ocrx_word' id='word_1_230' title='bbox 541 2690 632 2745; x_wconf 85' lang='lat' dir='ltr'><strong>tutela</strong></span> <span class='ocrx_word' id='word_1_231' title='bbox 647 2706 770 2742; x_wconf 88' lang='lat' dir='ltr'><strong>mearum</strong></span> 
     </span>
    </p>

    <p class='ocr_par' dir='ltr' id='par_1_21' title="bbox 162 2763 1022 3136">
     <span class='ocr_line' id='line_1_35' title="bbox 162 2763 1022 2833; baseline 0 -14"><span class='ocrx_word' id='word_1_232' title='bbox 162 2763 230 2819; x_wconf 84' lang='lat' dir='ltr'><strong>uum</strong></span> <span class='ocrx_word' id='word_1_233' title='bbox 247 2764 285 2818; x_wconf 90' lang='lat' dir='ltr'><strong>sis</strong></span> <span class='ocrx_word' id='word_1_234' title='bbox 302 2768 331 2819; x_wconf 89' lang='lat' dir='ltr'><strong>et</strong></span> <span class='ocrx_word' id='word_1_235' title='bbox 347 2781 429 2833; x_wconf 82' lang='lat' dir='ltr'><strong>prave</strong></span> <span class='ocrx_word' id='word_1_236' title='bbox 447 2769 552 2820; x_wconf 91' lang='lat' dir='ltr'><strong>sectum</strong></span> <span class='ocrx_word' id='word_1_237' title='bbox 569 2765 747 2819; x_wconf 84' lang='lat' dir='ltr'>stomacheris</span> <span class='ocrx_word' id='word_1_238' title='bbox 767 2764 803 2818; x_wconf 90' lang='lat' dir='ltr'><strong>ob</strong></span> <span class='ocrx_word' id='word_1_239' title='bbox 819 2781 938 2833; x_wconf 81' lang='lat' dir='ltr'><strong>unguem</strong></span> <span class='ocrx_word' id='word_1_240' title='bbox 1019 2807 1022 2811; x_wconf 81' lang='lat'><strong>.</strong></span> 
     </span>
     <span class='ocr_line' id='line_1_36' title="bbox 163 2836 1009 2909; baseline 0.001 -16"><span class='ocrx_word' id='word_1_241' title='bbox 163 2836 203 2894; x_wconf 89' lang='lat' dir='ltr'><strong>De</strong></span> <span class='ocrx_word' id='word_1_242' title='bbox 217 2843 251 2894; x_wconf 91' lang='lat' dir='ltr'><strong>te</strong></span> <span class='ocrx_word' id='word_1_243' title='bbox 267 2840 420 2909; x_wconf 86' lang='lat' dir='ltr'>pendentis,</span> <span class='ocrx_word' id='word_1_244' title='bbox 437 2843 468 2895; x_wconf 88' lang='lat' dir='ltr'><strong>te</strong></span> <span class='ocrx_word' id='word_1_245' title='bbox 485 2840 656 2909; x_wconf 85' lang='lat' dir='ltr'>respicientis</span> <span class='ocrx_word' id='word_1_246' title='bbox 672 2839 759 2893; x_wconf 87' lang='lat' dir='ltr'>amici.</span> <span class='ocrx_word' id='word_1_247' title='bbox 976 2854 1009 2894; x_wconf 78' lang='lat' dir='ltr'>iot</span> 
     </span>
     <span class='ocr_line' id='line_1_37' title="bbox 164 2914 932 2998; baseline -0.001 -30"><span class='ocrx_word' id='word_1_248' title='bbox 164 2914 209 2968; x_wconf 84' lang='lat' dir='ltr'><strong>Ad</strong></span> <span class='ocrx_word' id='word_1_249' title='bbox 224 2931 370 2979; x_wconf 84' lang='lat' dir='ltr'><strong>summam:</strong></span> <span class='ocrx_word' id='word_1_250' title='bbox 388 2916 497 2998; x_wconf 88' lang='lat' dir='ltr'>sapiens</span> <span class='ocrx_word' id='word_1_251' title='bbox 513 2932 567 2970; x_wconf 91' lang='lat' dir='ltr'><strong>uno</strong></span> <span class='ocrx_word' id='word_1_252' title='bbox 585 2917 673 2969; x_wconf 89' lang='lat' dir='ltr'>minor</span> <span class='ocrx_word' id='word_1_253' title='bbox 691 2918 734 2969; x_wconf 90' lang='lat' dir='ltr'><strong>est</strong></span> <span class='ocrx_word' id='word_1_254' title='bbox 751 2914 770 2967; x_wconf 88' lang='lat' dir='ltr'><strong>J</strong></span> <span class='ocrx_word' id='word_1_255' title='bbox 772 2929 829 2981; x_wconf 84' lang='lat' dir='ltr'><strong>ove</strong></span> <span class='ocrx_word' id='word_1_256' title='bbox 848 2914 932 2983; x_wconf 84' lang='lat' dir='ltr'>dives,</span> 
     </span>
     <span class='ocr_line' id='line_1_38' title="bbox 163 2974 893 3080; baseline -0.003 -37"><span class='ocrx_word' id='word_1_257' title='bbox 163 2987 251 3059; x_wconf 79' lang='lat' dir='ltr'><strong>Liber,</strong></span> <span class='ocrx_word' id='word_1_258' title='bbox 268 2974 424 3060; x_wconf 87' lang='lat' dir='ltr'><strong>honoratus,</strong></span> <span class='ocrx_word' id='word_1_259' title='bbox 440 2991 561 3080; x_wconf 81' lang='lat' dir='ltr'><strong>pulcher,</strong></span> <span class='ocrx_word' id='word_1_260' title='bbox 579 3007 629 3044; x_wconf 86' lang='lat' dir='ltr'><strong>rex</strong></span> <span class='ocrx_word' id='word_1_261' title='bbox 647 2991 765 3058; x_wconf 85' lang='lat' dir='ltr'>denique</span> <span class='ocrx_word' id='word_1_262' title='bbox 783 3004 893 3057; x_wconf 83' lang='lat' dir='ltr'><strong>regum;</strong></span> 
     </span>
     <span class='ocr_line' id='line_1_39' title="bbox 164 3063 885 3136; baseline 0.003 -16"><span class='ocrx_word' id='word_1_263' title='bbox 164 3063 311 3135; x_wconf 86' lang='lat' dir='ltr'><strong>Praecipue</strong></span> <span class='ocrx_word' id='word_1_264' title='bbox 327 3082 415 3133; x_wconf 88' lang='lat' dir='ltr'><strong>sanus,</strong></span> <span class='ocrx_word' id='word_1_265' title='bbox 432 3067 485 3120; x_wconf 88' lang='lat' dir='ltr'>nisi</span> <span class='ocrx_word' id='word_1_266' title='bbox 504 3083 566 3122; x_wconf 91' lang='lat' dir='ltr'><strong>cum</strong></span> <span class='ocrx_word' id='word_1_267' title='bbox 584 3066 687 3136; x_wconf 85' lang='lat' dir='ltr'><strong>pituita</strong></span> <span class='ocrx_word' id='word_1_268' title='bbox 703 3065 818 3121; x_wconf 84' lang='lat' dir='ltr'>molesta</span> <span class='ocrx_word' id='word_1_269' title='bbox 835 3067 885 3122; x_wconf 81' lang='lat' dir='ltr'><strong>est.</strong></span> 
     </span>
    </p>
   </div>
   <div class='ocr_carea' id='block_1_3' title="bbox 0 0 1148 3550">
    <p class='ocr_par' dir='ltr' id='par_1_22' title="bbox 0 0 1148 3550">
     <span class='ocr_line' id='line_1_40' title="bbox 0 0 1148 3550; baseline 0 0"><span class='ocrx_word' id='word_1_270' title='bbox 0 0 1148 3550; x_wconf 95' lang='lat' dir='ltr'><strong> </strong></span> 
     </span>
    </p>
   </div>
  </div>
 </body>
</html>
