2275 3550
438 215 643 266 CARMINUM
659 216 714 266 111.
732 221 757 271 8.
985 219 1015 271 sl

340 294 434 364 'Ibyna
451 312 540 350 meroe
557 295 675 363 beatum,

376 372 534 426 Constantis
547 370 678 438 juvenem
695 372 758 437 fide,

306 446 422 514 Gygen?
457 446 510 501 Ille
527 446 609 500 NotIs
625 449 702 500 actus
719 447 755 500 ad
773 447 885 502 Oricum
1004 462 1020 504 a

306 521 487 576 Post-insana
504 521 609 589 Caprae
627 521 719 578 sidera
735 522 851 589 frigidas

340 597 443 651 Noctes
460 612 515 649 non
533 597 592 650 sine
609 597 702 650 multis

376 671 512 725 Insomnis
529 671 649 724 lacrimis
665 672 731 739 agit.

308 747 396 816 Atqui
413 746 544 800 sollicitae
560 747 674 801 nuntius
689 748 822 816 hospitae,

308 820 451 889 suspirare
469 821 572 875 0111οὲ1
590 826 620 876 et
636 823 764 877 miseram
781 823 838 876 tuis
996 837 1020 876 ro

313 902 315 907 ’
340 896 443 952 Dicens
462 897 571 965 ignibus
588 897 640 965 uri,

375 972 475 1027 Tentat
491 972 566 1026 mille
583 974 659 1026 vafer
675 972 770 1027 modis.

307 1046 348 1102 Ut
365 1047 495 1102 Proetum
512 1048 612 1102 mulier
628 1048 735 1118 perfida
751 1048 891 1102 credulum

311 1121 399 1175 Falsis
413 1124 554 1191 impulerit
571 1123 730 1178 criminibus
746 1124 829 1177 nimis

341 1197 423 1251 Casto
441 1198 646 1265 Bellerophonti
995 1211 1019 1251 11

374 1272 516 1325 Maturare
531 1288 636 1340 necem,
649 1273 743 1327 refert.
927 1272 932 1283 “

305 1346 411 1401 Narrat
426 1363 513 1414 paene
531 1346 628 1400 datum
646 1346 729 1401 Pelea
746 1347 867 1415 Tartaro,

306 1420 480 1488 Magnessam
499 1421 668 1490 Hippolyten
685 1422 753 1476 dnm
768 1422 841 1490 fugit
857 1421 999 1484 abstinens
1008 1441 1016 1483 3

339 1496 378 1551 Et
394 1513 506 1566 peceare
524 1496 654 1552 docentes

374 1571 470 1626 Fallax
487 1572 616 1626 historias
632 1576 730 1628 movet.
993 1586 1020 1626 ao

305 1648 433 1703 Frustra:
450 1664 514 1701 nam
531 1648 649 1716 scopulis
666 1648 776 1702 surdior
792 1647 866 1705 Icari

304 1722 396 1777 Voces
411 1723 489 1778 audit
506 1723 595 1778 adhuc
611 1724 725 1793 integer.
760 1726 802 1778 At
819 1722 870 1777 tibi

221 1828 223 1831 >
338 1798 365 1852 N
367 1816 383 1851 e
392 1800 502 1852 vvicinus
520 1799 641 1866 Enipeus

374 1873 440 1927 Plus
453 1873 532 1940 justo
548 1875 656 1942 placeat
672 1889 755 1938 cave3

305 1948 435 2012 Quamvis
452 1964 507 2000 non
524 1948 594 2000 alius
611 1948 723 2000 flectere
741 1964 842 2016 equum
859 1947 950 2003 sciens
993 1963 1018 2003 1

305 2028 405 2091 Aeque
422 2022 589 2091 conspicitur
605 2022 728 2090 gramine
746 2022 855 2089 Martio,

340 2098 365 2151 N
368 2114 399 2151 ec
416 2098 559 2167 quisquam
577 2097 649 2151 citus
665 2113 753 2166 aeque

374 2172 460 2226 I'useo
478 2173 593 2227 denatat
609 2174 693 2228 alveo.

306 2245 398 2302 Prima
415 2252 495 2302 nocte
514 2248 624 2301 domum
642 2247 739 2302 claude
755 2265 846 2316 neque
863 2247 893 2302 in
909 2249 969 2303 vlas
1128 2310 1129 2314 Ἰ

305 2322 363 2378 Sub
379 2320 462 2377 cantu
480 2323 613 2391 querulae
629 2323 742 2393 despice
759 2322 851 2393 tibiae,
993 2337 1017 2377 st

338 2398 377 2452 Et
393 2401 423 2451 te
441 2414 522 2468 saepe
540 2399 648 2452 vocanti
1078 2407 1079 2410 ’

372 2471 478 2526 Duram
496 2473 613 2527 difficilis
633 2490 718 2529 mane.

545 2612 623 2666 VIII

304 2694 428 2750 Maurus
445 2693 553 2748 caelebs
571 2694 639 2763 quid
654 2710 733 2763 agam
752 2694 894 2766 Kalendis,

304 2769 379 2834 Quid
395 2769 482 2824 velint
498 2768 582 2823 flores
597 2773 629 2824 et
645 2785 740 2824 asena
755 2770 844 2823 thuris

305 2839 391 2899 Plena
407 2844 521 2912 miraris,
538 2844 700 2914 positusque
716 2845 798 2900 carbo
815 2846 844 2900 in

340 2919 469 2987 eaespits
486 2918 555 2984 vivo,

305 2990 395 3047 Docte
412 3009 551 3046 sermones
567 2993 713 3061 utriusque
729 2993 856 3061 ingruat
1004 3007 1020 3052 s

305 3067 442 3122 Veneram
461 3067 555 3121 dulces
573 3067 668 3137 epulas
685 3071 715 3121 et
731 3068 824 3120 album

304 3139 406 3199 libero
422 3160 534 3211 caprum
551 3158 637 3212 prope
654 3142 798 3196 funeratus

340 3217 459 3272 Arboris
475 3218 538 3272 ictu.
