2275 3550
208 427 248 508 Q„
289 425 543 496 HORATII
584 425 797 494 FLACOI

345 583 661 652 CARMINUM

406 759 533 819 LIBER
553 759 597 819 IL

490 932 514 987 Ι.

137 1065 140 1069 ,
212 1015 320 1070 Morou
337 1033 371 1069 ex
390 1014 503 1069 Metello
521 1016 631 1071 consule
648 1016 761 1072 civicum

213 1091 338 1160 Bellique
357 1107 452 1144 causas
470 1094 500 1145 et
516 1091 585 1146 vitia
601 1095 631 1146 et
647 1092 742 1146 modos

248 1167 412 1235 laudumque
431 1167 569 1222 Fortunae
585 1184 737 1237 gravesque

283 1244 441 1313 Principum
459 1243 594 1297 amicitias
611 1248 640 1298 et
657 1261 734 1298 arma

212 1318 342 1372 Nondum
360 1319 478 1387 expiatis
494 1323 578 1373 uncta
595 1320 742 1389 cruoribus,

213 1393 384 1448 Periculosae
401 1394 512 1463 plenum
529 1411 598 1463 opus
616 1396 698 1463 aleae,

246 1469 358 1523 Tractus
376 1473 405 1523 et
422 1470 526 1523 incedis
543 1486 593 1536 per
610 1471 688 1538 ignes

281 1545 442 1613 Suppositos
460 1545 546 1598 cineri
564 1545 667 1599 doloso.

212 1621 338 1674 Paullum
356 1637 466 1674 seveiae
485 1621 566 1674 Musa
583 1621 741 1689 tragoediae

212 1696 293 1752 Desit
311 1696 441 1755 theatris:
459 1712 522 1750 mox
540 1695 588 1750 ubi
606 1697 729 1766 publicas

246 1773 303 1828 Res
321 1773 456 1827 ordinaris
473 1774 578 1841 grande
595 1791 695 1828 munus

281 1849 412 1918 Cecropio
429 1854 538 1920 repetes
556 1851 697 1919 cothurno,

212 1925 323 1994 Insigne
341 1926 453 1979 maestis
470 1926 637 1996 praesidium
655 1927 709 1982 reis

211 2001 249 2056 Et
266 2002 424 2071 consulenti,
444 2002 537 2070 Pollio,
555 2003 655 2070 curiae,

246 2078 297 2132 Cui
314 2077 407 2131 laurus
424 2082 551 2132 aeternos
569 2079 685 2133 honores

203 2162 205 2166 ’
280 2152 433 2207 Delmatico
451 2154 558 2221 peperit
576 2155 723 2223 triumpho.

212 2227 276 2281 Jarn
294 2244 366 2281 nunc
384 2229 482 2282 minaci
499 2244 639 2282 murmuro
658 2246 788 2284 cornuum

212 2303 378 2370 Perstringis
396 2320 482 2370 aures,
496 2302 556 2370 jam
574 2303 636 2357 litui
654 2308 789 2374 strepunt„

246 2378 311 2432 dam
328 2378 418 2446 fulgor
436 2395 574 2432 armorum
591 2379 700 2447 fugaces
738 2400 744 2415 ·

280 2454 377 2507 Terret
394 2471 478 2523 equos
497 2455 675 2525 equitumque
692 2456 799 2513 vultus:

212 2528 319 2583 Audire
336 2546 451 2598 magnos
465 2529 525 2598 jam
542 2530 638 2584 videor
656 2531 740 2586 duces

211 2605 274 2659 Non
292 2605 419 2659 indecoro
437 2607 548 2673 pulvere
566 2607 700 2676 sordidos,

246 2679 283 2734 nt
299 2686 397 2736 cuncta
414 2685 550 2736 terrarmu
567 2682 681 2737 subacta

281 2756 396 2811 Praeter
412 2761 533 2812 atrocem
550 2759 671 2812 animum
690 2760 806 2815 Catonis

211 2831 293 2900 duno,
312 2836 341 2886 et
359 2832 473 2887 deorum
491 2835 615 2903 quisquis
633 2836 742 2889 amicior

211 2907 289 2961 Afris
306 2907 394 2963 inulta
411 2913 531 2963 cesserat
547 2911 683 2980 impotens

246 2982 362 3053 Tellure,
380 2985 513 3039 victorum
531 2991 645 3055 nepotes

282 3059 402 3115 Rettulit
418 3061 529 3115 inferias
547 3063 710 3131 iugurthae.

213 3133 281 3198 ouis
298 3153 352 3189 non
371 3137 468 3190 Latino
487 3138 618 3205 sanguine
635 3140 761 3208 pinguior

213 3209 332 3277 Campus
350 3212 480 3280 sepulcris
497 3214 582 3281 impia
599 3214 704 3283 proelia
