2275 3550
119 178 168 225 alo
397 173 553 223 HORA'I'II
571 173 702 224 FLAOQI

119 255 158 310 lit
174 255 279 310 iaciunt
295 268 381 324 prope
396 253 478 321 plura
494 253 653 309 dolentibus
669 270 706 308 ex
723 258 823 325 animo,
841 259 881 316 sic

120 329 233 384 Derisor
250 344 316 382 vero
333 328 395 397 plus
413 328 557 383 laudatore
574 333 707 384 movetur.

121 403 213 472 Reges
231 402 359 456 dicuntur
376 402 471 457 multis
488 420 588 471 urgere
606 404 713 458 culullis

121 479 158 532 Et
175 482 305 547 torquere
323 494 400 531 mero
418 495 501 547 quem
518 482 692 547 perspexisse
709 479 843 550 laborant,
942 498 980 539 ssa

121 554 167 607 An
185 553 222 608 sit
238 553 358 608 amicitia
376 554 489 622 dignus:
506 555 529 608 si
547 555 668 608 carmina
685 555 786 610 condes

120 629 268 697 Nunquam
285 632 315 685 te
332 630 429 684 fallant
445 630 529 683 animi
548 631 600 684 sub
617 631 699 698 vulpe
715 631 842 686 latentes.

121 704 252 768 Quintilio
270 705 294 759 si
312 706 379 774 quid
395 706 535 775 recitares,
553 706 688 774 “Conige
705 707 786 761 sodes

121 779 205 849 Hoe,”
223 781 322 849 aiebat,
340 781 390 836 “et
406 781 486 835 hoe:''
505 782 603 835 melius
619 787 650 836 te
666 798 747 851 posse
765 798 880 850 negares

120 855 170 911 Bis
186 861 286 927 terque
302 860 447 925 expertum
466 856 576 925 frustra,
595 857 688 912 delere
703 857 822 926 jubebat
941 875 979 914 rso

120 932 158 987 Et
174 933 246 987 male
262 936 385 988 tornatos
402 933 494 986 incudi
512 933 633 987 reddere
651 950 753 989 uersus.

120 1007 150 1062 Si
168 1008 317 1063 defendere
334 1008 465 1062 delictum
483 1025 565 1076 quam
583 1013 693 1063 vertere
711 1010 814 1078 malles,

120 1083 234 1139 Nullum
245 1085 319 1139 ultra
329 1084 444 1138 verbum
456 1087 505 1138 aut
516 1100 628 1153 operam
640 1085 795 1140 insumebat
805 1086 915 1141 inanem

120 1160 193 1226 Quin
211 1161 269 1215 sine
286 1159 364 1214 rivuli
382 1163 467 1228 teque
485 1163 515 1214 et
532 1164 583 1214 tua
600 1160 675 1214 solus
691 1177 805 1216 amares.

119 1235 171 1290 Vir
187 1236 273 1290 bonus
290 1239 320 1289 et
334 1236 456 1304 prudens
471 1251 565 1289 versus
581 1236 770 1306 reprehendet
783 1238 893 1306 inertes,
937 1251 976 1293 44⁵

121 1310 249 1380 Oulpabit
266 1311 357 1378 duros,
374 1311 521 1379 incomptis
538 1311 642 1366 adlinet
660 1315 753 1366 atrum

120 1385 251 1441 Traverso
268 1387 372 1441 calamo
389 1387 504 1454 signum,
521 1385 665 1441 ambitiosa
682 1387 788 1442 recidet

120 1462 293 1529 ornamenta,
311 1477 409 1530 parum
428 1462 508 1515 claris
526 1462 615 1516 lucem
633 1463 701 1517 dare
719 1466 805 1532 coget,

120 1540 228 1605 Arguet
245 1535 374 1604 ambigue
392 1535 504 1602 dictum,
523 1538 657 1592 mutanda
675 1538 791 1606 notabit,

120 1612 184 1666 Fiet
201 1611 393 1676 Aristarchum
410 1627 466 1665 non
483 1611 571 1666 dicet:
590 1613 668 1667 “Cur
685 1629 737 1682 ego
753 1614 871 1669 amicum
937 1627 975 1668 lto

120 1687 262 1743 Offeudam
279 1687 309 1741 in
326 1686 437 1756 uugisl’'
474 1686 536 1740 Hae
553 1704 643 1755 nugae
660 1690 733 1744 seria
749 1689 852 1745 ducent

120 1763 154 1817 In
171 1763 243 1819 mala
260 1762 382 1819 derisum
400 1762 484 1817 semel
503 1767 706 1834 exceptumque
722 1765 842 1821 sinistre.

119 1840 160 1895 Ut
176 1840 248 1894 mala
266 1855 349 1909 quem
368 1837 474 1893 scabies
493 1841 542 1892 aut
560 1839 674 1894 morbus
691 1842 784 1910 regius
803 1845 885 1911 urget

120 1916 180 1969 Aut
196 1916 330 1970 seusticus
349 1930 426 1969 error
443 1917 473 1968 et
490 1913 622 1969 iracunda
640 1915 736 1986 Diana,

119 1990 258 2045 Vesanum
275 1990 402 2059 tetigisse
418 1989 519 2044 timent
536 1989 702 2059 fugiuntque
719 1996 829 2061 poetam
939 2009 976 2051 stt

119 2064 173 2130 Qui
190 2068 316 2137 sapiunt;
332 2066 439 2134 agitant
454 2065 534 2133 pueri
552 2065 710 2135 incautique
726 2072 886 2136 sequuntur.

119 2141 182 2209 Hic,
200 2142 267 2197 dum
284 2140 408 2196 sublimis
425 2156 521 2194 versus
538 2144 664 2195 ructatur
681 2146 711 2197 et
728 2147 811 2213 errat,

119 2216 150 2271 Si
166 2217 253 2272 veluti
270 2215 381 2270 merulis
398 2216 523 2270 intentus
540 2216 645 2271 decidit
661 2233 762 2287 auceps

120 2293 155 2347 In
171 2297 285 2362 puteum
302 2291 450 2358 roseumve,
467 2290 540 2358 licet
558 2292 758 2363 “succurrite’'
775 2294 887 2364 longum

120 2368 234 2436 Clamet,
253 2366 305 2421 “Io
322 2366 425 2420 cives!''
442 2382 497 2419 non
516 2368 553 2421 sit
571 2369 618 2436 qui
636 2369 734 2424 tollere
751 2376 838 2426 curet
939 2388 974 2429 suo

120 2444 150 2497 Si
166 2447 244 2498 curet
261 2442 324 2511 quis
340 2458 421 2511 opem
439 2442 513 2497 ferre
532 2447 562 2497 et
581 2444 728 2500 demittere
746 2446 848 2516 funem,

120 2518 195 2584 “Qui
213 2519 265 2574 scis
282 2534 317 2571 an
333 2518 457 2587 prudens
474 2519 528 2573 hue
545 2535 576 2573 se
591 2520 740 2589 projecerit
757 2526 843 2592 atque

120 2594 229 2649 Servari
245 2593 346 2649 nolitl”
366 2594 464 2661 dicam,
483 2595 621 2664 Siculique
638 2600 737 2665 poetae

120 2669 247 2725 Narrabo
264 2669 414 2724 interitum.
450 2670 526 2724 Deus
543 2672 706 2726 immortalis
723 2671 821 2728 baberi

120 2746 194 2800 Dum
205 2747 281 2815 cupit
293 2745 479 2814 Empedocles,
492 2746 637 2801 ardentem
647 2748 765 2816 frigidus
777 2750 900 2805 Aetnam
917 2759 922 2769 '
937 2762 974 2805 4⁶5

121 2821 238 2877 Insiluit.
273 2821 316 2876 Sit
328 2821 377 2890 jus
394 2821 530 2890 liceatque
546 2823 638 2890 perire
654 2824 757 2892 poetis:

121 2897 243 2951 Invitum
260 2897 307 2971 qui
325 2901 418 2951 servat
434 2896 509 2950 idem
526 2897 593 2951 iacit
610 2899 752 2954 occidenti.

120 2971 147 3025 N
148 2989 180 3026 ec
198 2973 281 3028 semel
297 2972 349 3025 hoc
365 2972 438 3037 fecit,
456 2987 507 3025 nec
525 2972 548 3024 si
565 2976 703 3027 retractus
720 2973 775 3027 erit
788 2974 849 3043 jam

120 3046 185 3101 Fiet
202 3046 281 3103 lromo
298 3051 328 3101 ot
344 3049 428 3115 ponet
446 3045 566 3099 amesae
584 3047 681 3100 mortis
697 3063 828 3104 amorem.

119 3119 146 3173 N
148 3136 180 3174 ee
197 3123 263 3176 satis
279 3125 394 3191 apparet
411 3136 460 3175 eur
476 3136 572 3173 uersus
589 3119 705 3190 factitet,
723 3127 818 3178 utrum
936 3141 973 3184 ere

119 3193 253 3250 Minxerit
269 3198 298 3251 in
314 3197 420 3265 patrios
437 3194 550 3262 cineres,
568 3210 605 3247 an
623 3196 705 3249 triste
725 3196 848 3253 bidenau
