2275 3550
412 205 629 256 SATIRARUM
645 207 683 254 ΙΙ.
702 210 725 253 4.
951 202 998 250 145

143 290 222 354 Quae
240 289 264 342 si
281 289 344 357 quis
361 303 443 340 sanus
460 285 527 340 fecit
544 301 627 339 sanus
644 285 712 339 facis
729 287 759 339 et
775 288 828 345 tu,

143 365 172 418 N
174 382 208 418 on
222 363 283 417 dico
295 362 459 417 horrendam
471 361 596 416 rabiem.''
621 361 637 388 “
641 361 660 414 J
662 377 706 414 am
719 359 838 414 desine.”
863 358 1000 427 “Oitltum

144 441 282 508 Majorem
300 439 405 497 censu.''
442 437 574 505 “Tenem,
593 437 767 505 Damasippe,
785 434 841 490 tuis
858 434 909 488 te.”

145 515 242 569 “Mille
258 515 419 583 puellarum,
437 530 585 582 puerorum
602 512 677 566 mille
694 511 822 564 furores.”
960 524 997 565 aas

144 590 190 644 “0
208 589 296 659 major
313 590 426 644 tandem
443 605 546 658 parcas,
563 589 666 656 insane,
683 587 781 641 minori
788 585 811 640 !''

544 733 596 789 IV.

144 814 249 869 “Urna
264 819 295 870 et
308 833 362 885 quo
380 816 506 871 Catiusl”
542 816 625 870 “Non
641 816 685 870 est
700 813 767 869 mihi
780 816 890 882 tempus
904 811 996 867 aventi

145 889 252 945 Ponere
270 892 349 960 signa
365 893 443 946 noris
459 891 621 961 praeceptis,
640 890 732 960 qualia
748 891 859 944 vincant

145 965 318 1034 Pythagoran
337 967 478 1037 Anytique
495 984 573 1021 reum
591 966 756 1035 doctumque
775 964 913 1019 Platona’'

146 1040 312 1096 “Peccatum
328 1042 417 1096 fateor
433 1059 495 1096 cum
512 1045 542 1096 te
559 1043 598 1095 sic
615 1045 741 1109 tempore
757 1041 835 1095 laevo
860 1051 864 1055 ’

146 1115 364 1185 Interpellarim3
382 1117 432 1171 sed
450 1118 499 1171 des
515 1118 623 1170 veniam
640 1116 728 1170 bonus
745 1131 800 1169 oro.
984 1135 997 1174 5

146 1192 228 1256 Quod
245 1193 269 1245 si
285 1192 457 1246 interciderit
473 1193 526 1247 tibi
542 1208 614 1245 nunc
631 1191 735 1260 aliquid
752 1194 862 1259 repetes
879 1207 950 1259 mox,

146 1266 210 1321 Sive
227 1270 271 1321 est
287 1270 402 1321 naturae
418 1267 470 1320 hoc
487 1268 543 1320 sive
561 1267 636 1333 artis,
654 1267 740 1320 mirus
756 1266 897 1335 utroque.’'

70 1350 73 1363 '
112 1330 116 1343 ’
147 1341 240 1407 “Quin
257 1342 288 1396 id
305 1346 366 1397 erat
382 1359 463 1396 curae
481 1358 535 1412 quo
553 1344 634 1410 pacto
650 1345 747 1396 cuncta
763 1345 896 1411 tenerem,

145 1415 253 1485 Utpote
271 1433 316 1471 res
327 1422 423 1472 tenues
440 1418 518 1473 tenui
536 1434 660 1471 sermone
677 1417 824 1495 pega-cta&

146 1492 225 1546 “Ede
242 1493 359 1546 hominis
373 1509 479 1562 nomen,
494 1494 574 1546 simul
592 1497 621 1547 et
635 1492 776 1547 Romanus
788 1511 824 1548 au
837 1492 960 1562 hospes.”
974 1508 997 1548 ro

147 1568 233 1636 “Ipsa
250 1584 354 1621 memor
370 1573 518 1638 praecepta
535 1585 638 1637 canam,
656 1569 790 1623 celabitur
807 1573 915 1624 aucton'

146 1642 240 1711 Longa
257 1644 356 1712 quibus
373 1645 456 1700 facies
474 1645 532 1699 ovis
549 1644 605 1699 erit
622 1645 668 1698 illa
685 1649 831 1713 memento,

146 1717 188 1771 Ut
205 1719 276 1773 succi
294 1718 413 1789 melioris
430 1724 460 1776 et
477 1723 510 1775 ut
526 1720 615 1789 magis
631 1720 695 1781 alba
710 1722 845 1791 rotundis,

147 1793 268 1860 Ponere3
286 1812 404 1864 namque
421 1812 525 1850 marem
542 1796 671 1850 cohibent
688 1797 787 1850 callosa
803 1797 934 1854 vitellum.

147 1869 231 1923 (laule
249 1869 405 1924 suburbano
423 1871 470 1938 qui
487 1871 565 1924 siccis
583 1872 670 1924 crevit
686 1871 715 1924 in
733 1871 807 1939 agris
978 1886 1000 1926 ιε

148 1943 275 2010 Dulcior;
292 1945 395 2012 irriguo
412 1945 481 1998 nihil
499 1948 543 2001 est
560 1945 661 1998 elutius
677 1944 765 1999 horto.

147 2019 178 2074 si
195 2019 368 2088 vespertinus
387 2019 477 2073 subito
495 2023 524 2074 te
542 2020 710 2088 oppresserit
726 2021 834 2091 hospes,

147 2095 175 2149 N
176 2111 192 2149 e
208 2095 309 2163 gallina
325 2095 426 2150 malum
444 2100 591 2164 responset
605 2096 675 2150 dura
691 2098 791 2166 palato,

148 2170 253 2224 Doctus
270 2170 324 2225 eris
341 2172 430 2227 rivam
447 2172 534 2225 mixto
551 2187 672 2226 mersare
690 2172 821 2238 Falern03

149 2246 210 2300 Hoc
225 2250 349 2301 teneram
365 2247 454 2301 faciet.
469 2271 472 2275 ⁴
489 2247 667 2301 Pratensibus
684 2249 788 2317 optima
804 2248 895 2318 fungis
976 2265 1000 2302 ao

148 2321 255 2377 Natura
272 2327 329 2388 est3
347 2322 407 2376 aliis
424 2322 496 2377 male
513 2322 642 2377 creditur.
678 2324 730 2378 Ille
748 2324 872 2378 salubres

149 2398 279 2452 Aestates
295 2401 410 2467 peraget
427 2398 475 2468 qui
492 2398 578 2466 nigris
595 2399 710 2467 prandia
725 2402 810 2454 moris

149 2472 247 2541 liniet,
264 2477 329 2528 ante
345 2490 457 2542 gravem
474 2490 546 2543 quae
562 2474 661 2542 legerit
678 2475 777 2529 arbore
793 2475 886 2530 solem.

149 2549 278 2602 Aufidius
293 2548 360 2603 forti
377 2549 511 2604 miscebat
527 2549 610 2603 mella
627 2549 750 2617 Falerno,

148 2623 289 2693 Mendose,
306 2626 433 2694 quoniam
450 2624 543 2679 vacuis
563 2626 733 2682 committere
750 2627 827 2681 venis
977 2643 1002 2683 aa

149 2700 196 2753 Nil
213 2700 266 2752 nisi
282 2700 345 2754 lene
362 2700 457 2766 decet;
474 2700 531 2754 leni
547 2700 708 2770 praecordia
725 2702 813 2755 mulso

150 2773 287 2828 Prolueris
304 2775 420 2833 melius..
445 2776 475 2829 Si
492 2776 563 2831 dura
579 2776 732 2832 morabitur
748 2777 831 2846 alvus,

150 2848 266 2905 Mitulus
283 2854 313 2903 et
330 2850 397 2904 viles
414 2851 518 2920 pellent
535 2850 672 2905 obstantia
688 2852 815 2910 conchae,

151 2925 188 2979 Et
204 2924 308 2992 lapathi
326 2925 418 2980 brevis
435 2925 528 2992 herba,
546 2926 596 2979 sed
613 2926 676 2980 albo
692 2943 747 2984 nou
765 2928 823 2983 sine
841 2926 905 2981 Coo.

151 2999 268 3054 Lubrica
284 3004 427 3062 nascentes
444 3000 560 3069 implent
577 3001 811 3070 conchylialunae
819 3022 826 3067 ;
976 3014 1001 3056 aa

150 3074 206 3128 Sed
223 3091 278 3131 non
295 3091 375 3131 omne
392 3092 468 3130 mare
485 3079 529 3129 est
545 3092 693 3143 generosae
709 3076 802 3131 fertile
817 3078 915 3131 testae,

150 3148 255 3204 Murice
273 3151 377 3205 Baiano
394 3150 490 3204 melior
508 3149 626 3205 Lucrina
641 3151 749 3222 peloris,

151 3224 250 3280 Ostrea
268 3225 389 3295 Circeiis,
407 3225 515 3281 Miseno
532 3225 659 3279 oriuntur
676 3225 773 3294 echini,
