2275 3550
433 207 721 259 SATIRARUMM.
984 209 1026 257 121

175 285 229 353 Qui
246 287 365 357 stupet
355 305 385 342 ιιι
401 289 490 344 titulis
508 294 537 344 et
554 291 725 359 imaginibus
761 291 834 355 Quid
851 294 961 369 oportet

174 362 234 417 Nos
250 364 340 418 faeere
357 380 374 417 ι
391 365 472 433 vulgo
488 365 569 433 longe
586 366 651 419 lon<r
632 382 722 433 geque
739 367 875 419 remotos?

175 439 302 508 Namque
320 444 379 494 esto
395 441 511 509 populus
530 442 647 495 Laevino
664 441 759 495 mallet
776 441 906 494 honorem

177 515 265 579 Quam
282 515 367 569 Decio
384 516 516 570 mandare
532 533 611 584 novo,
629 534 779 586 censorque
796 520 918 572 moveret
1008 532 1031 571 ιο
1119 516 1121 563 ’τ

176 590 310 659 Appius
302 608 347 659 ιιι
332 608 420 645 renuo
438 592 462 647 si
478 608 533 646 non
550 609 639 647 essem
642 596 737 681 'patre
753 597 847 646 natus:

175 666 231 719 Vel
247 666 347 720 merito
365 668 493 735 quoniam
510 668 539 721 in
556 668 668 737 propria
684 684 738 721 non
755 666 826 737 pelle
844 655 988 745 quiessem.

175 741 234 795 Sed
250 741 372 809 fulgente
389 742 475 796 trahit
492 744 655 798 constrictos
673 743 767 797 Gloria
784 760 867 796 curru

176 816 203 869 N
205 833 240 869 on
257 817 347 870 minus
363 818 471 886 ignotos
488 819 636 887 generosis,
672 819 732 883 Quo
749 818 809 886 tibi,
827 818 896 888 Τιιιι,

176 892 290 947 Sumere
308 894 464 963 depositum
483 895 589 949 olavum
607 895 722 963 fierique
739 894 867 949 tribuno?
1006 908 1031 947 ιι

176 968 285 1023 Invidia
301 970 419 1026 aoerevit
435 971 542 1038 privato
559 988 630 1041 quae
647 972 736 1023 minor
754 972 834 1024 esset.

176 1042 203 1096 N
204 1061 248 1097 am
265 1048 298 1099 ut
316 1046 431 1116 quisque
447 1046 558 1100 insanus
576 1047 661 1114 nigris
678 1046 799 1100 medium
817 1045 942 1112 impediit
955 1062 1018 1100 erus

177 1118 298 1174 Pellibus
315 1125 345 1175 et
361 1121 448 1174 latum
466 1120 578 1175 demisit
594 1125 707 1190 peetore
723 1121 837 1186 clavum,

177 1194 268 1249 Audit
279 1196 420 1250 continuo:
432 1196 516 1260 “Quis
527 1197 609 1250 homo
620 1197 664 1251 hie
676 1198 736 1250 estl
754 1212 809 1264 quo
820 1198 901 1264 patre
911 1195 1029 1249 natusl''

176 1269 218 1323 Ut
236 1270 259 1324 si
277 1270 324 1339 qui
342 1274 467 1338 aegrotet
484 1287 539 1339 quo
556 1271 651 1324 morbo
669 1272 779 1339 Barrus,
796 1270 893 1326 haberi
1006 1287 1030 1325 ao

175 1344 218 1400 Ut
235 1347 327 1414 cupiet
343 1345 484 1411 formosus,
502 1350 548 1400 eat
565 1363 726 1415 quacunque
743 1341 853 1415 puellis
872 1413 874 1416 y

175 1420 288 1488 Injieiat
305 1437 397 1474 curam
415 1422 565 1491 quaerendi
583 1422 697 1490 singula,
715 1422 789 1491 quali

175 1496 218 1550 Sit
234 1497 311 1564 faeie,
329 1513 399 1562 sura,
418 1497 492 1565 quali
509 1497 589 1566 pede,
608 1498 699 1566 dente,
717 1498 827 1566 capillo:

173 1571 220 1625 Sic
237 1572 284 1639 qui
301 1573 440 1641 promittit
456 1573 536 1641 cives,
552 1574 651 1627 urbem
669 1573 720 1627 sibi
738 1590 827 1637 curae,

174 1647 325 1715 Imperium
342 1648 401 1701 fore
418 1651 448 1701 et
466 1648 584 1716 Italiam,
602 1649 718 1702 delubra
735 1649 855 1717 deorum,
1007 1663 1046 1703 ιι.

175 1722 235 1788 Quo
252 1726 331 1794 patre
349 1724 490 1791 minatus,
508 1724 686 1793 numignota
703 1728 792 1779 matre
810 1724 977 1794 inhonestus,

173 1798 277 1855 Omnes
293 1800 424 1854 mortales
441 1816 537 1854 curare
554 1804 585 1853 et
602 1817 737 1868 quaerere
754 1817 804 1868 cog
786 1801 834 1854 <st

174 1876 273 1930 “Tune
290 1876 357 1944 Syri,
376 1876 488 1942 Damae,
506 1879 555 1929 aut
572 1876 685 1944 Dionysi
702 1875 782 1941 filius,
800 1876 886 1929 audes

174 1946 301 2020 Dejieere
319 1969 336 2006 e
352 1967 418 2005 sexo
436 1951 509 2005 aives
526 1954 575 2005 aut
592 1952 704 2004 tradere
723 1950 866 2005 Cadmein

174 2028 238 2082 “At
255 2027 360 2081 Nemus
378 2026 482 2093 collega
498 2026 589 2095 gradu
606 2031 669 2095 post
686 2043 731 2080 me
750 2026 830 2080 sedet
847 2042 913 2091 uno;
1006 2042 1030 2081 so

175 2101 303 2171 Namque
311 2108 354 2157 est
362 2102 409 2155 ille
417 2107 498 2170 pater
505 2102 580 2171 quod
588 2109 648 2155 erat
656 2101 755 2155 meus.''
768 2101 784 2128 “
789 2102 851 2154 Hoe
857 2101 909 2154 tibi
920 2101 1030 2155 Paullus

176 2178 214 2232 llt
231 2178 360 2232 Messalla
377 2177 498 2232 viderisl
535 2180 576 2232 At
593 2178 644 2245 hic,
663 2178 687 2230 si
704 2177 809 2246 plostra
827 2178 945 2231 ducenta

176 2254 400 2323 Concurrentque
418 2254 477 2307 foro
494 2254 549 2307 tria
565 2254 669 2319 funera,
688 2271 787 2321 magne
805 2253 913 2307 sonabit

176 2331 285 2385 Cornua
303 2331 377 2401 quod
394 2331 540 2398 vincatque
556 2330 639 2385 tubas
648 2351 655 2395 ;
673 2330 770 2384 saltem
787 2333 867 2384 tenet
883 2330 935 2384 hoe
951 2329 1022 2383 nos.''

176 2407 202 2461 N
205 2425 256 2462 une
273 2408 309 2462 ad
326 2424 371 2461 me
387 2407 472 2461 redeo
489 2406 619 2460 libertino
636 2411 716 2475 patre
734 2409 838 2474 natum,
1006 2420 1031 2459 ss

177 2483 265 2547 Quem
283 2483 385 2553 rodunt
402 2499 496 2536 omnes
512 2482 641 2536 libertino
658 2485 738 2551 patre
755 2487 858 2548 natum,

176 2558 203 2611 N
205 2575 257 2612 une
275 2559 341 2626 quia
358 2574 418 2611 sum
435 2557 494 2623 tibi,
513 2558 665 2627 Maecenas,
683 2557 833 2622 convictor3
850 2560 880 2611 ιι
898 2556 961 2610 olim

92 2649 94 2653 ·
178 2633 258 2697 Quod
274 2633 343 2687 mibi
360 2636 471 2702 pareret
487 2633 558 2701 legio
578 2633 701 2686 Romana
718 2632 836 2686 tribuno.

176 2708 316 2763 Dissimile
332 2710 384 2763 hoe
400 2709 442 2762 illi
459 2713 517 2773 est;
535 2709 600 2776 quia
617 2724 671 2761 non
688 2712 721 2762 ut
739 2708 817 2762 forsit
832 2707 962 2762 honorem

176 2784 248 2838 Jure
265 2785 333 2837 mibi
350 2784 472 2838 inrideat
489 2784 579 2852 quivis
595 2785 635 2838 ita
652 2788 682 2837 te
700 2801 808 2853 quoque
826 2784 951 2852 amioum,
1008 2797 1033 2838 so

178 2859 346 2914 Praesertim
364 2864 475 2914 cautum
492 2860 589 2927 dignos
605 2877 751 2923 assumere,
768 2876 854 2929 prava

178 2934 339 2989 Ambitione
355 2935 456 3004 procul
491 2933 612 2988 Felicem
629 2936 720 2990 dicere
737 2952 792 2988 uon
808 2935 861 3011 hoe

178 3010 227 3065 Me
244 3027 355 3079 possum
372 3026 437 3064 easu
454 3009 529 3078 quod
546 3012 577 3063 te
595 3010 709 3065 sortitus
726 3003 860 3074 amicum3

178 3086 263 3140 Nulla
280 3087 382 3141 etenim
401 3085 468 3138 mihi
485 3088 515 3139 te
532 3085 590 3139 fors
607 3087 720 3139 obtulit:
731 3085 858 3153 optimus
876 3082 941 3137 olim

178 3160 319 3230 Virgilius,
336 3164 400 3230 post
417 3160 490 3214 hune
508 3160 610 3213 Varius
628 3161 725 3214 dixere
743 3160 812 3227 quid
832 3175 929 3213 essem.
1009 3172 1034 3212 5⁵

178 3235 221 3291 Ut
237 3238 300 3293 veni
317 3253 408 3292 eoram
425 3234 564 3305 singultim
582 3251 669 3302 pauca
686 3236 800 3301 loeutus,
