2275 3550
122 197 171 243 20⁴2
394 193 550 242 HORATII
567 194 699 243 FLAOGI

120 273 151 329 si
169 273 286 328 dicentis
303 276 385 328 crunt
402 272 520 328 fortunis
539 272 644 328 absona
661 267 736 329 dicta

120 349 237 403 Romani
254 349 353 403 tollcnt
372 349 480 419 equites
498 349 663 419 peditesque
680 348 848 407 cachinnum.

121 424 256 479 Intererit
272 424 389 479 multum
408 424 522 479 divusne
539 424 669 493 loquatur
686 442 721 479 an
740 423 829 494 heros,

121 501 283 556 Maturnsno
301 517 385 554 senex
402 517 437 554 on
456 501 547 555 adhuc
564 500 680 555 florente
694 495 812 569 juventa
945 516 983 557 ιιι

122 575 265 643 Fervidus,
283 579 313 630 et
330 579 455 630 matrona
471 579 570 645 potens
587 592 622 630 an
641 577 737 630 sedula
752 577 854 645 nutrix,

123 652 297 706 Mercatorne
314 668 399 720 vagus
416 652 541 706 cultorne
557 652 673 706 virentis
691 652 780 721 agelli,

124 727 241 781 Colchus
258 744 294 782 an
312 727 448 796 Assyrius,
467 727 568 782 Thebis
585 728 707 782 nutritus
725 744 761 782 an
780 728 872 797 Argis

124 803 184 857 Aut
200 805 300 857 famam
318 819 432 872 sequere
450 808 499 857 aut
517 804 569 857 sibi
587 803 775 858 convenientia
792 805 873 872 finge.

123 878 246 948 Scriptor
262 878 423 933 honoratum
442 880 466 932 si
482 882 555 934 forte
572 880 681 948 reponis
700 879 844 948 Achillem,
944 896 981 935 rao

124 952 254 1023 Impiger,
271 954 424 1023 iracundus,
441 954 625 1022 inexorabilis,
643 971 714 1023 acer,

124 1029 143 1083 J
145 1047 195 1084 ura
211 1034 294 1100 neget
312 1029 363 1084 sibi
380 1034 453 1098 nata,
470 1031 539 1085 nihil
556 1048 610 1085 non
628 1034 739 1100 arroget
756 1031 846 1086 armis

124 1105 168 1159 Sit
185 1105 286 1161 Medea
302 1107 380 1161 ferox
397 1106 559 1175 invictaque,
578 1106 677 1160 flebilis
696 1108 755 1176 Ino,

125 1181 252 1237 Perfidus
270 1182 358 1251 Ixion,
377 1183 410 1237 Io
426 1199 502 1251 vaga,
519 1182 609 1236 tristis
627 1183 748 1238 Orestes.

125 1257 239 1327 Siquid
256 1260 431 1328 inexpertum
447 1275 543 1313 scenae
560 1258 708 1314 committis
725 1264 755 1314 et
772 1259 858 1314 audes
906 1283 915 1369 ἱ
944 1272 982 1316 125

125 1331 273 1388 Personam
290 1335 408 1389 formare
424 1350 530 1401 novam,
548 1338 674 1389 servetur
690 1335 728 1388 ad
745 1335 830 1389 imum

125 1407 219 1471 Qualis
236 1410 271 1462 ab
289 1410 398 1478 incepto
415 1410 586 1479 processerit,
604 1414 633 1465 ct
651 1409 704 1464 sihi
720 1413 834 1466 constet

125 1482 241 1538 Difficile
258 1488 301 1539 est
317 1485 428 1554 proprie
445 1485 600 1539 communia
617 1485 723 1551 dicere;
739 1490 827 1555 tuque

125 1558 239 1613 Rectius
258 1560 372 1616 Iliacum
389 1576 497 1614 cannen
516 1560 630 1615 deducis
647 1561 676 1615 in
693 1566 779 1628 actus,

125 1634 214 1698 Quam
231 1635 254 1689 si
271 1636 409 1705 proferres
426 1637 520 1703 ignota
536 1636 696 1707 indictaque
712 1637 825 1707 primus.
944 1652 980 1692 no

126 1710 239 1766 Publica
255 1712 384 1766 materies
401 1712 502 1783 privati
516 1711 588 1781 juris
606 1713 668 1782 erit,
685 1712 710 1767 si

125 1787 188 1841 Non
206 1788 277 1843 circa
294 1789 376 1844 vilem
393 1789 572 1858 patulumque
589 1789 739 1845 moraberis
756 1790 858 1860 orbem,

126 1863 186 1919 Nec
202 1864 285 1919 verbo
302 1865 416 1919 verbum
429 1864 542 1919 curabis
559 1863 679 1919 reddere
696 1865 769 1919 fidus

126 1940 275 2009 Interpres,
292 1957 343 1995 nec
362 1940 471 1995 desilies
489 1941 612 1995 imitator
629 1940 657 1994 in
674 1945 781 1995 arctum

125 2014 207 2070 Unde
224 2017 324 2085 pedem
340 2017 462 2085 proferre
479 2015 569 2085 pudor
586 2019 663 2071 vetet
680 2020 729 2071 aut
745 2016 836 2086 operis
854 2017 909 2071 lex.
942 2032 977 2072 1³5

124 2090 152 2142 N
154 2107 185 2144 ec
202 2092 241 2146 sic
257 2092 371 2160 incipies
388 2096 420 2146 ut
438 2092 555 2160 scriptor
572 2091 688 2160 cyclicus
705 2092 783 2146 olim2

125 2165 295 2221 “Fortunam
313 2167 416 2220 Priami
434 2167 549 2221 cantabo
565 2171 596 2221 ct
613 2167 704 2221 nobile
721 2166 848 2222 bellum?

126 2240 200 2313 Quid
217 2241 329 2308 dignum
347 2244 424 2295 tanto
441 2243 513 2294 feret
529 2241 575 2295 hic
591 2242 740 2310 promissor
756 2242 850 2297 hiatui

127 2316 287 2371 Parturiunt
303 2320 417 2384 montes,
435 2319 566 2371 nascetur
583 2318 714 2375 ridiculus
731 2335 800 2372 mus,

126 2392 234 2456 Quanto
251 2391 353 2446 rectius
370 2391 414 2445 hic
432 2392 479 2461 qui
496 2392 535 2445 nil
552 2393 666 2448 molitur
682 2394 791 2463 inepte:
943 2409 979 2450 uo

125 2466 198 2522 “Dic
215 2467 289 2535 mihi,
308 2467 395 2534 Musa,
412 2468 501 2521 virum
518 2471 614 2537 captae
632 2472 695 2538 post
712 2474 837 2539 tempora
854 2470 953 2538 Trojae

126 2541 179 2607 Qui
196 2560 286 2597 mores
304 2543 444 2597 hominum
460 2544 609 2597 multorum
627 2545 697 2599 vidit
717 2549 747 2599 et
765 2545 870 2599 urbes.”

125 2619 152 2680 N
153 2636 189 2673 on
205 2620 310 2673 fumum
328 2637 363 2674 ex
380 2620 485 2688 fulgore
503 2619 553 2673 sed
570 2637 605 2674 cx
622 2620 697 2675 fumo
716 2621 783 2675 dare
800 2621 888 2676 lucem

126 2695 244 2764 Cogitat,
260 2698 293 2749 ut
311 2695 433 2764 speciosa
450 2694 549 2748 dehinc
566 2695 697 2750 miracula
714 2701 830 2766 promat,

125 2772 298 2841 Antiphaten
310 2770 480 2839 Scyllamque
492 2773 593 2825 etcum
606 2770 722 2840 Cyclope
734 2761 913 2855 Charybdrffl
942 2786 979 2830 iss

113 2822 184 2976 Qec
201 2846 320 2902 reditum
340 2846 480 2900 Diomedis
497 2846 533 2900 ab
550 2847 665 2901 interitu
682 2847 822 2916 Meleagri,

153 2939 184 2978 ec
200 2923 308 2991 gemino
326 2922 427 2976 bellum
446 2922 592 2990 Trojanum
610 2922 718 2977 orditur
735 2923 771 2977 ab
788 2939 854 2989 ovo;

124 2998 239 3067 Semper
256 2998 294 3052 ad
311 3001 439 3051 eventum
456 2997 569 3050 festinat
587 2998 663 3065 etin
681 2998 787 3051 medias
805 3015 851 3053 res

123 3071 150 3124 N
152 3088 187 3125 on
204 3088 282 3125 secus
299 3088 331 3125 ac
348 3076 426 3126 notas
443 3070 595 3124 auditorem
613 3072 693 3140 rapit,
711 3075 740 3126 et
757 3086 828 3140 quae

122 3145 260 3213 Desperat
278 3151 397 3200 tractata
412 3145 547 3197 nitescere
563 3159 645 3212 posse
662 3146 794 3214 relinquit
799 3167 808 3212 ;
941 3163 977 3205 iro

123 3219 218 3285 Atque
236 3220 276 3272 ita
293 3220 433 3285 mentitur,
451 3217 490 3270 sic
507 3217 579 3271 veiis
595 3217 665 3272 falsa
681 3221 819 3289 remiscet,
