2275 3550
141 160 187 209 loa
416 157 571 209 HORATII
588 161 718 211 FLAOOI

139 237 276 293 Orbilium
294 236 417 304 dictare3
440 239 490 293 sed
508 241 656 296 emendata
672 241 761 295 videri

139 313 312 382 Pulchraque
329 316 359 367 et
375 315 479 369 exactis
496 315 640 370 minimum
658 316 791 371 distantia
807 317 910 385 miron

138 389 219 444 Inter
236 405 307 458 quae
324 389 438 443 verbum
456 392 569 445 emicuit
586 392 609 445 si
627 393 699 446 forte
717 390 856 462 decorum,
875 398 905 449 et
945 413 951 418 “

137 464 277 519 Siversus
295 465 376 532 paulo
394 467 549 521 concinnior
565 484 637 521 unus
655 471 685 522 et
702 467 784 545 alter,

137 540 246 609 injuste
263 544 352 613 totum
370 540 448 595 ducit
464 543 615 612 venditque
632 548 737 612 podma
972 560 998 599 75

137 616 270 684 Indignor
287 616 438 685 quidquam
456 618 628 687 reprehendi,
646 635 700 672 nou
718 618 783 688 quia
799 636 890 675 erasse

137 692 323 761 Conpositum
341 692 485 761 illepideve
503 697 625 762 putetur,
644 692 695 747 sed
712 694 777 763 quia
793 710 882 762 nuper
891 716 899 760 ;

135 767 163 820 N
164 784 195 821 eo
212 768 319 821 veniam
337 769 458 836 antiquis
475 770 525 823 sed
541 770 672 823 bonorem
690 774 720 823 et
736 772 858 838 proemia
874 773 957 840 posci.

136 843 224 897 Recte
241 860 327 897 necne
346 860 453 897 erocum
471 845 607 914 floresque
624 845 799 913 perambulet
817 847 903 900 Attae

136 917 241 972 Fabula
258 919 282 972 si
300 918 432 987 dubitem,
451 919 570 974 clament
587 921 702 989 periisse
720 921 854 989 pudorem
964 940 990 978 so

135 995 234 1049 t'unoti
250 1012 338 1065 paene
355 1004 455 1063 patres,
474 1013 507 1050 ea
524 1013 586 1049 eum
603 995 807 1065 reprehendere
825 1013 907 1051 coner

135 1070 213 1135 Quae
229 1071 321 1140 gravis
339 1072 473 1140 Aesopus,
492 1088 562 1140 quae
581 1072 678 1126 doetus
697 1072 812 1126 Roscius
829 1073 903 1141 egit:

135 1147 189 1201 Vel
207 1148 273 1217 quia
289 1147 327 1201 nil
346 1151 451 1201 rectum
468 1148 522 1200 nisi
540 1148 615 1216 quod
633 1147 737 1216 placuit
755 1147 807 1201 sibi
825 1148 938 1218 ducunt,

134 1222 188 1276 Vel
206 1224 271 1293 qnia
287 1227 370 1291 turpe
387 1225 487 1291 putant
503 1240 602 1293 parere
619 1222 777 1289 minoribus,
795 1227 825 1277 et
843 1240 914 1292 quae

135 1298 279 1353 Imberbes
294 1299 417 1352 didicere
435 1315 514 1352 senes
531 1299 674 1368 perdenda
690 1298 782 1352 fateri.
959 1316 986 1354 ss

134 1373 154 1426 J
155 1391 199 1427 am
218 1374 321 1429 Saliare
339 1374 445 1427 Numae
463 1391 572 1428 carmen
590 1375 638 1443 qui
654 1374 758 1441 laudat,
776 1376 807 1427 et
822 1373 892 1428 illud

122 1449 215 1514 ,Quod
232 1465 339 1502 mecum
356 1450 465 1515 ignorat
483 1450 556 1503 solus
574 1450 633 1503 vult
652 1450 721 1503 scire
739 1449 834 1516 videri,

134 1524 256 1592 Ingeniis
272 1541 327 1577 non
344 1524 391 1576 ille
407 1524 482 1579 favet
498 1525 661 1593 plauditque
678 1524 801 1592 sepultis,

133 1599 236 1654 Nostra
253 1599 303 1653 sed
319 1599 469 1667 impugnat,
487 1616 536 1652 nos
553 1605 703 1668 nostraque
720 1599 819 1653 lividus
836 1600 901 1656 odit

133 1675 214 1739 Quod
232 1675 254 1730 si
271 1679 328 1729 tam
347 1675 460 1729 Graecis
477 1676 583 1729 novitas
601 1676 687 1729 invisa
704 1676 802 1729 inisset
958 1694 984 1733 so

133 1751 222 1816 Quam
237 1751 323 1819 nobis,
335 1750 404 1820 quid
419 1767 491 1806 nnnc
506 1754 580 1806 esset
596 1752 691 1819 vetusl
713 1754 761 1805 aut
778 1750 847 1820 quid
862 1750 983 1808 haberet

133 1828 213 1892 Quod
230 1829 337 1897 legeret
354 1831 512 1896 tereretque
529 1828 634 1882 viritim
650 1827 774 1897 publicus
792 1829 877 1883 usust

132 1903 174 1958 Ut
190 1905 308 1974 primum
326 1904 422 1974 positis
439 1904 536 1970 nugari
555 1903 670 1957 Graecia
687 1903 767 1956 bellis

133 1980 230 2050 Coepit
247 1985 277 2035 et
292 1981 320 2033 in
336 1980 434 2045 vitium
452 1980 561 2034 fortuna
578 1980 664 2033 labier
681 1995 776 2047 aequa,

132 2055 159 2109 N
161 2074 213 2110 uno
230 2057 396 2112 athletarum
413 2056 520 2123 studiis,
538 2072 610 2108 nuno
626 2055 696 2125 arsit
714 2071 855 2123 equorum,
954 2076 979 2114 ot

132 2131 282 2186 Marmoris'
294 2135 343 2185 aut
360 2131 450 2184 eboris
467 2131 558 2185 fabros
578 2134 626 2185 aut
644 2130 714 2184 aeris
732 2130 841 2197 amavit,

132 2206 282 2277 Suspendit
298 2208 373 2274 pieta
390 2206 495 2259 vultum
513 2209 690 2275 mentemque
707 2205 817 2272 tabella,

130 2280 211 2336 Nune
228 2281 393 2347 tibicinibus,
411 2297 483 2333 nunc
499 2285 542 2334 est
559 2282 653 2348 gavisa
670 2281 823 2349 tragoedis;

131 2357 189 2411 Sub
205 2358 311 2411 nutrice
328 2356 419 2425 puella
436 2356 513 2410 velut
531 2357 553 2409 si
571 2357 680 2427 luderet
698 2357 796 2423 infans,

22 2444 25 2449 ’
131 2432 212 2497 Quod
230 2433 329 2501 cupide
346 2431 428 2500 petiit
445 2436 553 2485 mature
570 2433 654 2500 plena
671 2432 792 2502 reliquit.
944 2449 978 2488 loo

131 2508 204 2573 Quid
221 2508 311 2577 placet
328 2511 376 2561 aut
394 2508 457 2561 odio
472 2512 514 2562 est
532 2509 607 2577 quod
622 2525 676 2562 non
693 2507 825 2562 mutabile
840 2507 953 2562 credas?

130 2584 192 2639 Hoc
209 2600 289 2654 paces
306 2583 428 2637 habuere
445 2584 533 2637 bonae
551 2585 681 2652 ventique
699 2583 820 2638 secundi

129 2660 233 2715 Romae
251 2660 331 2714 dulce
349 2660 396 2713 diu
414 2659 466 2713 fuit
484 2663 513 2713 et
531 2660 661 2713 sollemne
679 2660 785 2713 reclusa

129 2736 211 2790 Mane
230 2737 310 2789 domo
328 2735 447 2803 vigilare,
465 2735 557 2789 clienti
575 2751 701 2802 promere
714 2735 787 2804 jura,

129 2812 231 2866 (lautos
247 2811 402 2864 nominibus
419 2812 501 2865 rectis
520 2811 676 2878 expendere
693 2808 836 2877 nummos'
942 2825 976 2866 10⁵

128 2888 250 2956 Majores
267 2887 371 2951 audire,
389 2887 486 2939 minori
505 2887 603 2954 dicero,
621 2903 672 2955 per
690 2903 761 2955 quae

128 2963 257 3017 Crescere
276 2978 321 3015 res
338 2964 439 3035 posset,
458 2962 543 3013 minui
562 2961 692 3015 damnosa
709 2961 803 3015 libido.
899 3014 902 3019 ,

127 3036 247 3092 Mutavit
265 3040 386 3093 mentem
402 3037 518 3105 populus
535 3037 604 3089 levis
622 3040 651 3090 et
668 3037 739 3090 calet
757 3052 812 3088 uno

127 3112 270 3166 Scribendi
287 3113 394 3176 studio;
417 3112 496 3181 pueri
514 3115 661 3179 patresque
680 3111 767 3164 severi

126 3184 236 3239 Fronde
254 3202 344 3241 comas
361 3187 446 3240 vincti
463 3188 579 3240 coenant
596 3190 626 3238 et
641 3186 763 3238 'earmina
780 3183 894 3237 dictant.
939 3199 971 3241 11o
