2275 3550
409 197 625 248 SATIRARUM
640 197 679 246 11.
698 197 720 246 3,
942 190 986 239 141

140 274 221 343 Quod
237 277 309 333 letus
327 282 375 332 aut
392 294 471 332 renes
488 277 584 332 morbo
601 278 745 331 tentantur
761 277 846 329 acute.

138 352 167 405 N
168 371 202 407 on
219 357 262 407 est
278 353 404 422 perjurus
421 370 511 422 neque
528 345 669 419 sordidus3
686 352 807 405 immolet
824 347 919 418 aequis

132 427 195 481 -Hic
211 445 322 497 porcum
341 429 472 482 Laribus:
489 445 584 483 verum
602 428 761 482 ambitiosus
779 431 808 481 et
826 426 929 490 audax3
950 438 983 479 165

137 502 258 571 Naviget
276 504 442 571 Anticyram.
480 503 553 566 Quid
571 504 643 557 enirn
660 503 753 557 differt
769 502 934 556 barathrone

137 577 231 632 Dones
249 579 384 648 quidquid
401 580 486 634 habes
503 596 538 632 an
555 595 694 647 nunquam
710 582 791 633 utare
807 578 929 646 paratisl

137 652 248 707 Servius
266 653 401 722 Oppidius
420 653 520 708 Canusi
539 654 594 707 duo
611 654 730 723 praedia,
749 653 825 706 dives

137 729 260 797 Antiquo
278 745 369 797 censu,
387 729 477 797 gnatis
495 728 595 782 divisse
614 728 720 781 duobus

136 802 239 857 Fertur
256 807 285 858 et
302 804 353 858 boc
370 804 488 857 moriens
505 804 598 872 pueris
616 803 718 857 dixisse
734 803 837 857 voeatis
953 818 987 858 17⁰

137 879 185 931 Ad
202 879 314 934 lectum:
334 880 482 947 Postquam
499 882 529 933 te
546 879 623 946 talos,
642 878 722 945 Aule,
739 894 877 948 nucesque

137 952 221 1007 Ferre
239 955 300 1008 sinu
316 955 386 1021 laxo,
407 954 508 1007 donare
526 958 555 1008 et
573 953 669 1007 ludere
686 953 750 1023 ridi,
811 954 814 958 ’

136 1028 183 1096 Te,
201 1029 299 1097 Tiberi,
316 1047 466 1098 numerare,
484 1029 556 1083 cavis
574 1030 743 1083 abscondere
759 1030 883 1095 tristem;

136 1103 260 1158 Extimui
277 1122 312 1158 ne
329 1121 377 1158 vos
394 1108 488 1172 egeret
505 1105 615 1159 vesania
634 1104 745 1172 dbeors,

136 1179 178 1232 Tu
195 1180 221 1233 N
223 1182 403 1248 omentauum,
416 1184 448 1232 tu
464 1196 499 1233 ne
518 1195 664 1247 sequerere
683 1179 814 1235 Cicutam.
951 1192 985 1233 11⁵

137 1254 228 1319 Quare
244 1271 296 1324 per
312 1254 388 1307 divos
407 1257 500 1308 eratus
518 1257 636 1322 uterque
654 1253 780 1321 Penates,

136 1328 179 1383 'ru
196 1347 260 1384 eave
277 1347 312 1383 ne
328 1329 441 1399 minuas,
458 1332 491 1384 tu
507 1346 542 1383 ne
559 1329 650 1397 majus
666 1329 750 1382 iacias
766 1328 797 1381 id

136 1405 216 1470 Quod
233 1405 299 1458 satis
317 1420 377 1458 esse
394 1409 474 1473 putat
491 1409 573 1474 pater
590 1410 620 1459 et
636 1407 735 1458 natura
752 1406 865 1459 eo‘e'reet

136 1480 284 1534 Praeterea
301 1498 336 1534 ne
354 1497 400 1533 vos
420 1479 514 1534 titillet
534 1480 628 1534 Gloria
641 1479 706 1547 jure

135 1556 259 1610 Jurando
277 1555 443 1623 obstringam
460 1555 556 1609 ambo:
574 1559 637 1609 uter
654 1553 751 1609 aedilis
767 1555 884 1611 fueritve
951 1570 984 1611 lm

135 1630 266 1687 Vestrum
283 1635 400 1700 praetor,
418 1631 443 1684 is
460 1630 625 1685 intestabilis
643 1635 672 1685 et
689 1647 766 1685 sacer
783 1635 850 1686 esto.
875 1644 878 1649 ·

135 1706 170 1761 In
187 1709 273 1761 eicere
291 1709 379 1776 atque.
392 1706 455 1759 faba
472 1706 543 1760 bona
561 1710 594 1760 tu
611 1706 766 1776 perdasque
782 1706 889 1776 lupinis,

135 1784 220 1838 Latus
237 1786 269 1837 ut
285 1783 315 1835 in
334 1783 412 1836 Circo
431 1783 550 1851 spatiere
568 1786 598 1836 et
615 1788 716 1837 aeneus
733 1787 765 1835 ut
783 1787 847 1851 stes,

134 1858 161 1911 N
163 1859 233 1912 udus
251 1858 329 1925 egris,
346 1857 438 1909 nudus
455 1857 581 1924 nummis,
598 1857 700 1924 insane,
718 1858 856 1925 paternis3

108 1991 119 2001 ,
135 1933 243 1986 Scilicet
260 1935 292 1985 ut
309 1932 420 1999 plausus
437 1947 505 1999 quos
522 1931 578 1984 fert
596 1932 721 2000 Agrippa
737 1932 809 1985 feras
825 1936 864 1998 tu,
951 1946 985 1988 les

134 2011 240 2062 Astuta
256 2008 405 2074 ingenuum
422 2006 517 2074 vulpes
533 2005 642 2060 imitata
658 2007 772 2060 leonem.

134 2079 176 2136 ‘N
177 2101 193 2137 e
210 2082 272 2153 quis
289 2082 416 2135 humasse
433 2082 500 2135 velit
518 2081 642 2150 Ajacem,
660 2082 768 2151 Atrida,
786 2086 862 2137 vetas
879 2085 953 2138 eurl’

134 2160 211 2213 ‘Rex
228 2158 303 2213 snm?
334 2156 396 2210 ‘Nil
413 2157 486 2211 ultra
504 2174 606 2226 quaere
617 2157 759 2226 plebeius!
790 2159 842 2213 ‘Ilt
858 2176 972 2229 aequam

135 2234 204 2289 Rern
221 2233 365 2304 imperito;
383 2249 414 2286 ae
431 2232 455 2286 si
472 2233 516 2285 eui
533 2232 628 2286 videor
644 2250 698 2286 non
711 2232 810 2302 justus,
827 2234 915 2290 inulte

133 2310 231 2364 Dicere
248 2310 323 2380 quod
341 2309 425 2363 sentit
442 2307 588 2377 permitto!
624 2308 759 2363 ‘Maxime
775 2327 880 2378 regum,
950 2328 983 2367 roo

133 2385 170 2439 Di
186 2386 239 2439 tibi
256 2386 326 2439 dent
342 2387 423 2453 capta
438 2384 552 2438 classem
571 2382 708 2438 deducere
725 2383 821 2453 Troja!

134 2462 206 2529 Ergo
222 2461 364 2515 consulere
382 2463 411 2514 et
427 2476 491 2512 rnox
508 2459 674 2529 respondere
692 2460 785 2515 licebit
794 2462 812 2516 l'

134 2537 278 2592 ‘Consule’
310 2536 381 2591 ‘Gur
398 2535 481 2605 Ajax,
498 2536 580 2590 heros
597 2536 632 2588 ab
651 2536 759 2590 Achille
777 2538 920 2608 secundus,

135 2611 257 2666 Puteseit
273 2612 358 2667 toties
376 2612 493 2665 servatis
510 2612 600 2666 clarus
617 2611 737 2679 Achivis,
920 2677 924 2683 ι

134 2688 260 2742 Gaudeat
277 2691 309 2741 ut
327 2687 441 2756 populus
460 2687 561 2740 Priami
580 2686 760 2755 Priamusque
777 2686 927 2746 inhumato,
951 2704 984 2743 ns

135 2762 188 2817 Per
205 2778 287 2832 quom
305 2765 348 2816 tot
360 2762 479 2830 juvenes
496 2762 588 2831 patrio
605 2778 718 2815 caruere
735 2764 858 2831 sepulcro
868 2765 885 2819 l’

136 2838 226 2892 ‘Mille
243 2837 334 2890 ovium
351 2836 462 2890 insanus
480 2836 562 2890 morti
581 2836 666 2903 dedit,
684 2837 808 2892 inclitum
825 2838 925 2893 Ulixen

134 2914 171 2969 Et
189 2911 346 2966 Menelaum
363 2928 417 2965 una
434 2927 541 2965 meeum
559 2928 589 2965 se
607 2912 732 2967 occidere
750 2913 880 2968 clamans?

135 2990 190 3043 ‘Tu
207 3004 269 3042 eum
287 3003 338 3056 pro
354 2986 440 3040 vitula
457 2986 555 3041 statuis
576 2987 682 3042 dulcem
701 2988 804 3042 Aulide
822 2992 915 3044 natam

136 3066 209 3120 Ante
226 3079 288 3120 aras
307 3061 466 3130 spargisque
482 3061 554 3114 mola
571 3067 661 3129 eaput,
679 3062 812 3131 improbe,
830 3064 906 3133 salsa,
949 3080 984 3119 roo

135 3140 251 3196 Rectum
279 3136 363 3192 animi
390 3137 553 3191 servasl’-‘
563 3136 698 3210 Quorsum
708 3138 891 3192 l‘-‘lusanus
918 3141 984 3208 quid

96 3223 100 3230 '
201 3215 274 3271 enim
294 3212 367 3283 Ajax
