2275 3550
407 201 663 252 EPISTOLARUM
679 203 702 251 Ι.
722 203 760 253 15.
967 197 1014 249 175

165 279 214 335 Me
231 283 354 336 constare
372 283 437 336 mihi
456 284 515 351 scis,
534 288 564 338 et
582 284 724 337 discedere
741 282 860 346 tristem„

166 356 387 426 Quandocunque
404 359 517 412 trahunt
534 360 621 414 invisa
637 359 748 427 negotia
765 358 888 411 Romam,

165 431 191 485 N
193 449 228 485 on
246 433 342 487 eadem
359 436 504 500 miramur3
521 452 554 489 eo
572 436 741 489 disconvenit
757 435 831 488 inter

165 506 267 576 Meque
285 512 315 562 et
332 512 374 563 te:
392 526 456 563 narn
473 528 543 578 quae
561 511 671 565 deserta
688 516 717 565 et
733 510 870 578 inhospita
885 512 962 562 tesca

165 581 263 636 Credis
280 600 394 638 amoena
411 590 489 639 vocat
507 603 613 640 mecum
631 587 679 655 qui
697 587 790 652 sentit,
809 589 838 639 et
855 585 915 638 odit
990 597 1014 637 ro

165 658 241 722 Quae
258 663 290 712 tu
307 661 524 730 pulchraputas.
560 663 663 715 Fornix
678 660 730 715 tibi
748 666 777 716 et
793 664 876 715 uncta
891 659 993 728 popina

165 733 307 788 Incutiunt
324 735 401 789 urbis
419 737 594 805 desiderium,
612 738 699 803 videa,
717 742 746 806 et
764 737 838 807 quod

165 809 291 876 Angulus
308 810 360 864 iste
377 811 451 866 feret
468 813 547 882 piper
564 819 595 867 ct
612 815 677 867 thus
695 815 768 867 ocius
785 830 847 881 uva,

164 884 191 937 N
192 901 223 937 ec
239 886 327 939 vicina
344 886 439 942 subest
456 889 548 941 vinum
564 888 699 958 praebere
716 889 832 942 taberna

165 959 241 1023 Quae
258 962 345 1030 possit
362 962 421 1032 tibi,
439 981 489 1018 nec
506 967 639 1018 meretrix
656 965 776 1033 tibicina,
793 965 872 1033 cujus
992 977 1017 1017 ss
1103 983 1106 988 ·

164 1035 213 1088 Ad
230 1039 376 1105 strepitum
394 1040 478 1106 salias,
491 1044 582 1095 terrae
599 1042 702 1108 gravis:
720 1045 750 1094 et
767 1045 860 1094 tamen
877 1054 960 1106 urges

165 1110 336 1180 Jampridem
354 1132 407 1167 non
425 1120 499 1169 tacta
516 1116 652 1184 ligonibus
670 1133 736 1169 arva
753 1115 905 1183 bovemque

165 1186 340 1253 Disjunctum
357 1207 435 1244 curas
453 1195 483 1244 et
501 1193 604 1246 strictis
620 1191 765 1245 frondibus
783 1190 891 1259 exples;

166 1261 257 1316 Addit
273 1280 342 1332 opus
359 1265 437 1333 pigro
455 1267 536 1334 rivus,
555 1268 579 1320 si
596 1267 699 1321 decidit
716 1266 812 1333 imber,

165 1336 256 1392 Multa
273 1340 344 1393 mole
361 1340 500 1395 docendus
518 1343 609 1411 aprico
627 1359 739 1412 parcere
757 1345 842 1411 prato.
993 1355 1017 1393 ὅθ

165 1411 192 1464 N
193 1429 246 1467 unc
264 1431 316 1481 age
334 1416 401 1483 quid
419 1421 543 1470 nostrum
560 1422 722 1471 concentum
740 1417 846 1471 dividat
862 1416 935 1470 audi.

166 1489 253 1552 Quem
271 1493 369 1544 tenues
388 1491 506 1546 decuere
523 1497 606 1561 togae
622 1493 758 1561 nitidique
775 1492 872 1562 capilli,

166 1565 253 1628 Quem
272 1566 325 1618 scis
342 1566 490 1621 immunem
510 1568 626 1622 Cinarae
642 1568 776 1636 placuisse
793 1568 891 1636 rapaci,

169 1640 257 1704 Quem
275 1639 398 1694 bibulum
416 1642 512 1711 liquidi
530 1643 621 1697 media
639 1643 674 1697 de
691 1644 752 1698 luce
772 1643 889 1711 Falerni,

165 1714 256 1769 (leena
267 1714 358 1770 brevis
366 1715 447 1785 juvat
459 1721 488 1771 et
499 1735 586 1788 prope
598 1720 685 1773 rivum
698 1735 807 1773 somnus
818 1719 847 1771 in
858 1717 958 1782 herba3
992 1731 1016 1770 ss

164 1790 192 1843 N
193 1807 224 1845 ee
240 1791 335 1845 lusisse
353 1792 441 1861 pudet
458 1793 580 1847 sednon
597 1795 718 1848 incidere
736 1794 841 1847 ludum.

165 1866 191 1918 N
193 1883 227 1920 on
245 1867 308 1921 istic
324 1868 434 1937 obliquo
451 1869 529 1922 oculo
546 1885 608 1922 mea
625 1870 766 1922 commoda
784 1868 926 1936 quisquam

165 1941 263 2009 Limat,
282 1959 336 1995 non
354 1942 417 1996 odio
435 1942 550 1996 obscuro
567 1960 714 2013 morsuque
732 1946 864 2007 venenat3

166 2016 270 2093 Rident
287 2018 368 2071 vicini
386 2017 480 2086 glebas
498 2021 528 2071 et
545 2035 612 2072 saxa
628 2023 791 2072 moventem·

165 2092 235 2145 Qum
253 2094 339 2147 servis
357 2093 462 2147 urbana
479 2094 566 2146 diaria
584 2094 682 2148 rodere
700 2094 800 2146 mavis:
994 2107 1016 2146 so
1068 2106 1070 2110 ·

166 2166 273 2221 Horum
291 2171 324 2222 tu
341 2169 370 2221 in
387 2185 531 2222 numerum
549 2173 613 2222 voto
630 2170 702 2235 ruis3
719 2168 827 2222 invidet
843 2183 923 2222 usum

166 2240 314 2310 Lignorum
330 2247 359 2297 et
376 2246 481 2312 pecoris
499 2243 551 2297 tibi
569 2244 629 2298 calo
645 2247 760 2311 argutus
778 2247 808 2298 et
824 2244 906 2297 horti.

165 2317 252 2386 Optat
269 2318 398 2388 ephippia
415 2319 472 2387 bos,
489 2320 567 2388 piger
585 2323 663 2388 optat
679 2334 758 2372 arare
777 2313 914 2382 caballus;⁴

166 2392 253 2458 Quam
271 2393 323 2448 scit
340 2397 457 2462 uterque
474 2394 564 2450 libens
582 2393 698 2448 censebo
715 2397 843 2449 exerceat
861 2395 955 2447 artem.

562 2539 624 2594 XV.
710 2544 714 2553 “

165 2617 247 2683 Quia
265 2619 302 2674 sit
315 2620 405 2679 hiems
423 2620 528 2689 Veliae,
545 2621 621 2689 quod
637 2620 749 2689 caelum,
769 2618 847 2685 Vela,
869 2619 981 2686 Salerni,

166 2696 287 2759 Quorum
298 2694 438 2750 hominum
449 2697 525 2764 regio
537 2702 567 2751 et
579 2697 666 2766 qualis
679 2697 730 2763 via,
744 2699 816 2762 (nam
828 2694 896 2748 mihi
907 2694 990 2748 Baias

166 2770 247 2824 Musa
265 2787 446 2840 supervacuas
465 2772 603 2825 Antonius
621 2776 651 2827 et
667 2777 761 2827 tamen
779 2771 834 2824 illis

167 2844 214 2899 Me
231 2845 296 2899 iacit
313 2846 437 2914 invisum,
455 2847 548 2914 gelida
564 2862 627 2901 cum
643 2847 755 2916 perluor
771 2845 846 2899 unda

165 2919 220 2974 Per
236 2921 358 2975 medium
375 2921 469 2989 frigus.
505 2921 576 2977 Sane
593 2926 715 2977 murteta
732 2921 851 2990 relinqui
1000 2923 1014 2964 ὃ

164 2993 301 3063 Dictaque
319 3001 472 3050 cessantem
489 2997 582 3050 nervis
599 2998 702 3052 elidere
719 2997 846 3051 morbum

166 3067 303 3138 Sulphura
319 3072 457 3124 contemni
474 3071 550 3125 vicus
566 3074 661 3140 gemit,
679 3072 788 3126 invidus
805 3070 903 3138 aegris,

166 3145 219 3209 Qui
236 3150 366 3215 caputet
385 3147 554 3200 stomachum
572 3165 724 3217 supponere
744 3147 864 3201 fontibus
883 3144 987 3199 audent

166 3219 285 3275 Clusinis
304 3220 460 3291 Gabiosque
476 3225 577 3291 petunt
594 3229 623 3277 et
639 3223 742 3292 frigida
759 3239 830 3278 rure
