2275 3550
431 205 647 255 SA'l'IRARUM
664 207 688 256 1.
706 211 731 257 8.
962 205 1012 252 125·

155 282 253 338 Terret
270 284 326 338 fixa
342 287 474 353 vetatque
490 289 567 341 novis
584 288 727 341 considere
744 287 771 339 in
790 284 885 338 hortis.

155 359 220 413 Huc
236 361 312 428 prius
330 362 452 428 angustis
471 362 560 429 ejecta
577 364 711 417 cadavera
726 361 800 415 cellis

155 433 309 489 Conservus
326 436 374 488 vili
391 438 527 504 portanda
542 438 652 493 locabat
668 439 698 492 in
713 453 783 491 arca

155 508 217 562 Hoc
235 511 349 564 miserae
365 511 440 580 plebi
458 513 551 568 stabat
567 530 710 568 commune
728 512 891 582 sepulcrum,
985 527 1006 565 ro

154 582 304 640 Pantolabo
321 603 431 641 scurrae
448 588 676 658 Nomentanoque
691 589 798 658 nepoti:

154 659 231 714 Mille
248 661 334 729 pedes
351 663 381 715 in
396 662 495 732 fronte,
513 668 653 720 trecentos
670 666 769 734 cippus
782 665 811 718 in
829 681 925 732 agrm

154 733 209 790 Hic
226 735 327 791 dabat:
348 738 477 793 Heredes
494 745 700 795 monumentum
717 757 753 794 ne
770 742 939 809 sequeretur.

153 809 233 865 Nunc
250 812 315 866 licet
334 813 463 882 Esquiliis
479 815 606 870 habitare
624 816 778 870 salubribus
794 819 878 884 atque

153 887 266 954 Aggere
283 888 312 940 in
329 888 420 957 aprico
438 889 557 958 spatiari,
576 892 631 959 quo
648 889 730 943 modo
747 889 843 943 tristes
983 902 1005 942 rs

152 961 233 1016 Albis
250 962 394 1018 informem
411 966 573 1035 spectabant
590 965 697 1020 ossibus
713 982 825 1033 agrum

153 1035 223 1090 Gum
238 1037 305 1090 mihi
322 1055 376 1092 non
391 1042 502 1094 'tautum
518 1041 649 1110 furesque
666 1042 797 1110 feraeque
815 1043 910 1094 suetae

153 1112 236 1166 Hunc
253 1130 353 1168 vexare
369 1115 459 1169 locum
475 1133 557 1171 curae
575 1121 640 1172 sunt
657 1120 742 1185 atque
757 1115 854 1182 labori,

153 1188 292 1252 Quantum
309 1190 474 1246 carminibus
492 1209 563 1259 quae
581 1195 692 1246 versant
709 1195 793 1259 atque
811 1192 923 1245 venenis

152 1261 296 1316 Humanos
312 1264 424 1319 animos.
460 1265 520 1319 Has
537 1267 612 1320 nullo
628 1266 747 1335 perdere
764 1283 874 1334 possum
982 1283 1004 1322 ao

151 1337 179 1390 N
180 1354 212 1391 ec
228 1338 375 1406 prohibere
393 1340 482 1407 modo,
500 1342 581 1395 simul
598 1359 631 1396 ac
647 1359 716 1410 vaga
733 1342 798 1394 luna
815 1341 946 1397 decorum

151 1411 271 1467 Protulit
288 1430 325 1482 os,
344 1415 411 1483 quin
428 1432 489 1470 ossa
506 1417 601 1484 legant
618 1417 772 1486 herbasque
789 1422 926 1472 nocentes.

150 1488 218 1542 Vidi
237 1494 347 1557 egomet
365 1490 444 1559 nigra
463 1492 627 1547 succinctam
645 1492 747 1547 vadere
764 1493 838 1561 palla
897 1477 905 1503 '

150 1563 292 1618 Canidiam
310 1565 427 1633 pedibus
445 1568 528 1621 nudis
547 1575 685 1637 passoque
704 1568 808 1637 capillo,

150 1638 220 1693 Cum
238 1640 345 1709 Sagana
362 1643 467 1710 majore
485 1643 652 1698 ululantem:
673 1644 761 1713 pellor
779 1648 912 1713 utrasque
981 1660 1005 1700 rs

150 1713 267 1770 Fecerat
284 1717 434 1774 horrendas
453 1719 592 1788 adspectu
628 1720 755 1788 Scalpere
774 1723 878 1775 terram

148 1782 295 1859 Unguibus
315 1797 345 1848 et
362 1795 465 1863 pullam
484 1795 617 1849 divellere
636 1795 774 1850 mordicus
792 1812 890 1863 agnam
959 1809 963 1820 “

150 1866 307 1936 Coeperunt
316 1889 323 1933 ;
342 1884 422 1923 cruor
440 1869 587 1924 infossam
605 1871 732 1924 confusus
750 1874 784 1925 ut
801 1870 867 1924 iude

150 1937 247 1996 Manes
264 1943 404 2010 elicerent,
416 1944 522 1999 animas
539 1961 671 2013 responsa
690 1945 810 1999 daturas.

150 2014 244 2071 Lauea
263 2020 293 2071 et
313 2018 418 2086 effigies
437 2022 505 2086 erat,
524 2019 614 2073 altera
630 2035 726 2074 cerea:
745 2020 833 2088 major
982 2038 1005 2077 eo

149 2085 250 2161 Lance,
269 2109 340 2161 quae
356 2094 452 2162 poenis
471 2098 659 2163 compesceret
676 2094 848 2174 inferiorem3

151 2167 238 2222 Cerea
256 2168 417 2237 suppliciter
435 2169 527 2224 abbat
546 2169 691 2224 servilibus
709 2173 742 2225 ut
760 2186 832 2240 quae

149 2242 215 2297 Jam
234 2244 358 2312 peritura
377 2244 473 2299 modis.
508 2246 636 2299 Hecaten
654 2249 734 2300 vocat
751 2246 847 2312 altera,
869 2262 977 2302 saevam

149 2319 249 2373 Altera
268 2319 450 2387 Tisiphonen3
468 2326 613 2390 serpentes
631 2325 715 2390 atque
733 2321 844 2376 videres
982 2373 987 2378 ,

149 2392 276 2448 Infernas
293 2411 387 2450 errare
406 2412 494 2466 canes,
512 2397 673 2466 Lunamque
690 2396 836 2451 rubentem
981 2414 1004 2454 es

150 2469 195 2524 Ne
212 2472 284 2526 foret
301 2472 344 2526 his
363 2473 445 2526 testis
463 2475 526 2542 post
545 2489 645 2541 magns
662 2473 750 2526 latere
768 2471 894 2541 sepulcra

150 2544 271 2599 Mentior
289 2550 319 2601 at
337 2546 361 2600 si
381 2547 449 2617 quid
467 2547 572 2604 merdis
589 2551 672 2616 caput
689 2547 817 2617 inquiner
833 2548 903 2602 albis

151 2617 307 2689 Corsorum,
324 2625 408 2690 atque
426 2622 455 2675 in
473 2639 518 2677 me
536 2622 629 2680 veniat
647 2623 759 2677 mictum
777 2627 861 2692 atque
879 2627 1002 2679 cacatum

151 2695 243 2749 Julius
261 2700 291 2751 et
310 2697 416 2765 fragilis
435 2697 562 2753 Pediatia
579 2699 679 2767 furque
697 2698 831 2753 Vorenus.

150 2769 263 2838 Singula
275 2771 342 2841 quid
353 2775 519 2828 memorem‘l
540 2791 596 2843 quo
606 2777 688 2844 pacto
698 2773 805 2828 alterna
812 2774 957 2844 loquentes
979 2792 1003 2829 ιο

151 2845 274 2900 Umbrae
293 2863 355 2901 cum
375 2848 482 2916 Sagana
500 2853 660 2904 resonarent
678 2849 760 2904 triste
771 2853 801 2904 et
816 2854 933 2920 acutum,

152 2920 246 2991 thue
264 2922 320 2991 lupi
340 2921 454 2977 barbam
472 2924 564 2978 variae
581 2941 644 2980 cum
662 2924 747 2979 dente
765 2924 893 2979 colubrae

149 2997 321 3052 Abdiderint
338 2998 434 3054 furtim
452 3000 541 3066 terris,
560 3004 590 3055 et
608 3002 726 3069 imagine
744 3017 824 3055 cerea
847 3037 849 3042 -

150 3073 265 3141 largior
283 3073 384 3128 arserit
402 3074 479 3143 ignis,
499 3080 530 3130 et
548 3080 654 3131 utnon
672 3077 754 3131 testis
772 3077 876 3133 inultus
940 3140 943 3146 ,

150 3147 315 3202 Horruerim
334 3165 414 3203 voces
434 3150 580 3204 Furiarum
598 3154 629 3225 et
646 3150 720 3205 facta
738 3151 868 3207 duarum:
980 3168 1004 3208 ss

86 3242 89 3246 ²
149 3222 222 3280 llam
239 3224 359 3295 displosa
376 3228 456 3281 sonat
470 3230 606 3294 vquantum
623 3226 713 3282 vesica
729 3224 831 3295 pepedi
