<?xml version="1.0" encoding="UTF-8"?>
<!DOCTYPE html PUBLIC "-//W3C//DTD XHTML 1.0 Transitional//EN"
    "http://www.w3.org/TR/xhtml1/DTD/xhtml1-transitional.dtd">
<html xmlns="http://www.w3.org/1999/xhtml" xml:lang="en" lang="en">
 <head>
  <title>
</title>
<meta http-equiv="Content-Type" content="text/html;charset=utf-8" />
  <meta name='ocr-system' content='tesseract 3.04.00' />
  <meta name='ocr-capabilities' content='ocr_page ocr_carea ocr_par ocr_line ocrx_word'/>
</head>
<body>
  <div class='ocr_page' id='page_1' title='image "./quintihoraticfl00maclgoog_0225.png"; bbox 0 0 2275 3550; ppageno 0'>
   <div class='ocr_carea' id='block_1_1' title="bbox 333 167 1020 253">
    <p class='ocr_par' dir='ltr' id='par_1_1' title="bbox 333 167 1020 253">
     <span class='ocr_line' id='line_1_1' title="bbox 333 167 1020 253; baseline 0 -2"><span class='ocrx_word' id='word_1_1' title='bbox 333 167 335 171; x_wconf 31' lang='lat'><strong>¹</strong></span> <span class='ocrx_word' id='word_1_2' title='bbox 421 200 680 251; x_wconf 77' lang='lat' dir='ltr'>urrsronnnuu</span> <span class='ocrx_word' id='word_1_3' title='bbox 695 200 734 249; x_wconf 88' lang='lat'>11.</span> <span class='ocrx_word' id='word_1_4' title='bbox 752 201 776 249; x_wconf 85' lang='lat'>2.</span> <span class='ocrx_word' id='word_1_5' title='bbox 975 199 1020 253; x_wconf 86' lang='lat'>101</span> 
     </span>
    </p>
   </div>
   <div class='ocr_carea' id='block_1_2' title="bbox 171 280 1024 2386">
    <p class='ocr_par' dir='ltr' id='par_1_2' title="bbox 171 280 875 352">
     <span class='ocr_line' id='line_1_2' title="bbox 171 280 875 352; baseline -0.007 -15"><span class='ocrx_word' id='word_1_6' title='bbox 171 280 319 352; x_wconf 78' lang='lat' dir='ltr'>Quaedam,</span> <span class='ocrx_word' id='word_1_7' title='bbox 337 283 361 339; x_wconf 91' lang='lat' dir='ltr'>si</span> <span class='ocrx_word' id='word_1_8' title='bbox 378 282 468 339; x_wconf 86' lang='lat' dir='ltr'>credis</span> <span class='ocrx_word' id='word_1_9' title='bbox 484 280 623 348; x_wconf 88' lang='lat' dir='ltr'>consultis,</span> <span class='ocrx_word' id='word_1_10' title='bbox 641 280 777 348; x_wconf 75' lang='lat' dir='ltr'>mancipat</span> <span class='ocrx_word' id='word_1_11' title='bbox 794 295 875 345; x_wconf 87' lang='lat' dir='ltr'>usus;</span> 
     </span>
    </p>

    <p class='ocr_par' dir='ltr' id='par_1_3' title="bbox 171 354 1021 501">
     <span class='ocr_line' id='line_1_3' title="bbox 171 354 1021 427; baseline -0.001 -17"><span class='ocrx_word' id='word_1_12' title='bbox 171 356 224 421; x_wconf 82' lang='lat' dir='ltr'>Qui</span> <span class='ocrx_word' id='word_1_13' title='bbox 241 361 272 412; x_wconf 88' lang='lat' dir='ltr'>te</span> <span class='ocrx_word' id='word_1_14' title='bbox 288 360 375 427; x_wconf 88' lang='lat' dir='ltr'>pascit</span> <span class='ocrx_word' id='word_1_15' title='bbox 392 375 458 427; x_wconf 87' lang='lat' dir='ltr'>ager</span> <span class='ocrx_word' id='word_1_16' title='bbox 474 359 539 412; x_wconf 90' lang='lat' dir='ltr'>tuus</span> <span class='ocrx_word' id='word_1_17' title='bbox 557 359 608 423; x_wconf 82' lang='lat' dir='ltr'>est,</span> <span class='ocrx_word' id='word_1_18' title='bbox 627 359 657 410; x_wconf 89' lang='lat' dir='ltr'>et</span> <span class='ocrx_word' id='word_1_19' title='bbox 674 355 779 409; x_wconf 83' lang='lat' dir='ltr'>villicus</span> <span class='ocrx_word' id='word_1_20' title='bbox 797 354 876 422; x_wconf 63' lang='lat' dir='ltr'>Orbi5</span> <span class='ocrx_word' id='word_1_21' title='bbox 987 369 1021 409; x_wconf 87' lang='lat'>100</span> 
     </span>
     <span class='ocr_line' id='line_1_4' title="bbox 171 430 905 501; baseline -0.004 -15"><span class='ocrx_word' id='word_1_22' title='bbox 171 433 241 486; x_wconf 86' lang='lat' dir='ltr'>Gum</span> <span class='ocrx_word' id='word_1_23' title='bbox 258 438 366 501; x_wconf 76' lang='lat' dir='ltr'>segetes</span> <span class='ocrx_word' id='word_1_24' title='bbox 383 437 460 488; x_wconf 86' lang='lat' dir='ltr'>occat</span> <span class='ocrx_word' id='word_1_25' title='bbox 477 433 530 487; x_wconf 93' lang='lat' dir='ltr'>tibi</span> <span class='ocrx_word' id='word_1_26' title='bbox 547 447 612 486; x_wconf 82' lang='lat' dir='ltr'>mox</span> <span class='ocrx_word' id='word_1_27' title='bbox 628 432 768 485; x_wconf 85' lang='lat' dir='ltr'>frumenta</span> <span class='ocrx_word' id='word_1_28' title='bbox 785 430 905 498; x_wconf 84' lang='lat' dir='ltr'>daturas,</span> 
     </span>
    </p>

    <p class='ocr_par' dir='ltr' id='par_1_4' title="bbox 171 505 1022 884">
     <span class='ocr_line' id='line_1_5' title="bbox 171 505 935 575; baseline 0 -14"><span class='ocrx_word' id='word_1_29' title='bbox 171 508 210 561; x_wconf 84' lang='lat' dir='ltr'>Te</span> <span class='ocrx_word' id='word_1_30' title='bbox 227 509 365 563; x_wconf 91' lang='lat' dir='ltr'>dominum</span> <span class='ocrx_word' id='word_1_31' title='bbox 380 509 472 564; x_wconf 86' lang='lat' dir='ltr'>sentit</span> <span class='ocrx_word' id='word_1_32' title='bbox 506 508 564 562; x_wconf 82' lang='lat' dir='ltr'>llas</span> <span class='ocrx_word' id='word_1_33' title='bbox 581 523 713 575; x_wconf 84' lang='lat' dir='ltr'><strong>nummos,</strong></span> <span class='ocrx_word' id='word_1_34' title='bbox 729 505 829 574; x_wconf 75' lang='lat' dir='ltr'>accipis</span> <span class='ocrx_word' id='word_1_35' title='bbox 846 522 935 574; x_wconf 82' lang='lat' dir='ltr'>uvam,</span> 
     </span>
     <span class='ocr_line' id='line_1_6' title="bbox 171 581 876 653; baseline 0.001 -18"><span class='ocrx_word' id='word_1_36' title='bbox 171 582 271 651; x_wconf 89' lang='lat' dir='ltr'>Pullos,</span> <span class='ocrx_word' id='word_1_37' title='bbox 289 601 346 653; x_wconf 85' lang='lat' dir='ltr'>ova,</span> <span class='ocrx_word' id='word_1_38' title='bbox 364 585 462 639; x_wconf 86' lang='lat' dir='ltr'>cadum</span> <span class='ocrx_word' id='word_1_39' title='bbox 479 584 590 639; x_wconf 86' lang='lat' dir='ltr'>temeti:</span> <span class='ocrx_word' id='word_1_40' title='bbox 608 599 707 651; x_wconf 83' lang='lat' dir='ltr'>nempe</span> <span class='ocrx_word' id='word_1_41' title='bbox 724 581 805 635; x_wconf 89' lang='lat' dir='ltr'>modo</span> <span class='ocrx_word' id='word_1_42' title='bbox 822 582 876 636; x_wconf 88' lang='lat' dir='ltr'>isto</span> 
     </span>
     <span class='ocr_line' id='line_1_7' title="bbox 171 657 951 728; baseline 0.004 -16"><span class='ocrx_word' id='word_1_43' title='bbox 171 658 307 714; x_wconf 80' lang='lat' dir='ltr'>Paulatim</span> <span class='ocrx_word' id='word_1_44' title='bbox 324 661 454 716; x_wconf 88' lang='lat' dir='ltr'>mercaris</span> <span class='ocrx_word' id='word_1_45' title='bbox 471 676 568 728; x_wconf 84' lang='lat' dir='ltr'>agium</span> <span class='ocrx_word' id='word_1_46' title='bbox 584 659 701 713; x_wconf 86' lang='lat' dir='ltr'>fortasse</span> <span class='ocrx_word' id='word_1_47' title='bbox 717 657 849 711; x_wconf 77' lang='lat' dir='ltr'>trecentis</span> <span class='ocrx_word' id='word_1_48' title='bbox 949 713 951 715; x_wconf 76' lang='grc'>,</span> 
     </span>
     <span class='ocr_line' id='line_1_8' title="bbox 172 733 1022 806; baseline -0.001 -17"><span class='ocrx_word' id='word_1_49' title='bbox 172 736 232 789; x_wconf 91' lang='lat' dir='ltr'>Aut</span> <span class='ocrx_word' id='word_1_50' title='bbox 248 736 331 791; x_wconf 84' lang='lat' dir='ltr'>etiarn</span> <span class='ocrx_word' id='word_1_51' title='bbox 347 752 431 805; x_wconf 89' lang='lat' dir='ltr'>supra</span> <span class='ocrx_word' id='word_1_52' title='bbox 448 751 620 806; x_wconf 87' lang='lat' dir='ltr'>nummorum</span> <span class='ocrx_word' id='word_1_53' title='bbox 637 733 757 787; x_wconf 85' lang='lat' dir='ltr'>millibus</span> <span class='ocrx_word' id='word_1_54' title='bbox 775 735 904 802; x_wconf 83' lang='lat' dir='ltr'>emptum.</span> <span class='ocrx_word' id='word_1_55' title='bbox 988 748 1022 789; x_wconf 80' lang='lat'>105</span> 
     </span>
     <span class='ocr_line' id='line_1_9' title="bbox 172 808 857 884; baseline 0 -21"><span class='ocrx_word' id='word_1_56' title='bbox 172 809 245 875; x_wconf 79' lang='lat' dir='ltr'>Quid</span> <span class='ocrx_word' id='word_1_57' title='bbox 261 811 348 884; x_wconf 79' lang='lat' dir='ltr'>refert</span> <span class='ocrx_word' id='word_1_58' title='bbox 363 812 438 866; x_wconf 83' lang='lat' dir='ltr'>viras</span> <span class='ocrx_word' id='word_1_59' title='bbox 455 813 599 865; x_wconf 87' lang='lat' dir='ltr'>numerato</span> <span class='ocrx_word' id='word_1_60' title='bbox 616 826 704 879; x_wconf 87' lang='lat' dir='ltr'>nuper</span> <span class='ocrx_word' id='word_1_61' title='bbox 720 826 754 862; x_wconf 89' lang='lat' dir='ltr'>an</span> <span class='ocrx_word' id='word_1_62' title='bbox 772 808 857 863; x_wconf 74' lang='lat' dir='ltr'>olim?</span> 
     </span>
    </p>

    <p class='ocr_par' dir='ltr' id='par_1_5' title="bbox 172 884 832 956">
     <span class='ocr_line' id='line_1_10' title="bbox 172 884 832 956; baseline -0.003 -17"><span class='ocrx_word' id='word_1_63' title='bbox 172 886 286 956; x_wconf 75' lang='lat' dir='ltr'>Emptos</span> <span class='ocrx_word' id='word_1_64' title='bbox 304 887 410 942; x_wconf 85' lang='lat' dir='ltr'>Aricini</span> <span class='ocrx_word' id='word_1_65' title='bbox 427 887 565 956; x_wconf 88' lang='lat' dir='ltr'>quondam</span> <span class='ocrx_word' id='word_1_66' title='bbox 583 884 709 939; x_wconf 88' lang='lat' dir='ltr'>Veientis</span> <span class='ocrx_word' id='word_1_67' title='bbox 726 887 757 938; x_wconf 90' lang='lat' dir='ltr'>et</span> <span class='ocrx_word' id='word_1_68' title='bbox 774 885 832 938; x_wconf 86' lang='lat' dir='ltr'>arvi</span> 
     </span>
    </p>

    <p class='ocr_par' dir='ltr' id='par_1_6' title="bbox 171 960 969 1107">
     <span class='ocr_line' id='line_1_11' title="bbox 171 960 969 1032; baseline -0.001 -18"><span class='ocrx_word' id='word_1_69' title='bbox 171 962 301 1032; x_wconf 84' lang='lat' dir='ltr'>Emptum</span> <span class='ocrx_word' id='word_1_70' title='bbox 319 966 415 1018; x_wconf 82' lang='lat' dir='ltr'>coenat</span> <span class='ocrx_word' id='word_1_71' title='bbox 432 963 498 1028; x_wconf 90' lang='lat' dir='ltr'>olus,</span> <span class='ocrx_word' id='word_1_72' title='bbox 516 962 640 1032; x_wconf 75' lang='lat' dir='ltr'>quamvis</span> <span class='ocrx_word' id='word_1_73' title='bbox 657 961 738 1015; x_wconf 88' lang='lat' dir='ltr'>aliter</span> <span class='ocrx_word' id='word_1_74' title='bbox 755 962 852 1030; x_wconf 88' lang='lat' dir='ltr'>putat;</span> <span class='ocrx_word' id='word_1_75' title='bbox 869 960 969 1030; x_wconf 89' lang='lat' dir='ltr'>emptis</span> 
     </span>
     <span class='ocr_line' id='line_1_12' title="bbox 172 1031 877 1107; baseline -0.003 -17"><span class='ocrx_word' id='word_1_76' title='bbox 172 1037 229 1090; x_wconf 81' lang='lat' dir='ltr'>Sub</span> <span class='ocrx_word' id='word_1_77' title='bbox 245 1043 353 1093; x_wconf 87' lang='lat' dir='ltr'>noctem</span> <span class='ocrx_word' id='word_1_78' title='bbox 370 1038 489 1107; x_wconf 85' lang='lat' dir='ltr'>gelidam</span> <span class='ocrx_word' id='word_1_79' title='bbox 506 1038 587 1106; x_wconf 87' lang='lat' dir='ltr'>lignis</span> <span class='ocrx_word' id='word_1_80' title='bbox 604 1036 748 1091; x_wconf 82' lang='lat' dir='ltr'>calefactat</span> <span class='ocrx_word' id='word_1_81' title='bbox 765 1031 877 1101; x_wconf 65' lang='lat' dir='ltr'>aenum3</span> 
     </span>
    </p>

    <p class='ocr_par' dir='ltr' id='par_1_7' title="bbox 172 1110 1022 1256">
     <span class='ocr_line' id='line_1_13' title="bbox 172 1110 1022 1183; baseline -0.004 -16"><span class='ocrx_word' id='word_1_82' title='bbox 172 1113 228 1167; x_wconf 80' lang='lat' dir='ltr'>Sed</span> <span class='ocrx_word' id='word_1_83' title='bbox 244 1118 322 1168; x_wconf 82' lang='lat' dir='ltr'>vocat</span> <span class='ocrx_word' id='word_1_84' title='bbox 339 1130 425 1183; x_wconf 89' lang='lat' dir='ltr'>usque</span> <span class='ocrx_word' id='word_1_85' title='bbox 443 1130 523 1168; x_wconf 87' lang='lat' dir='ltr'>suum</span> <span class='ocrx_word' id='word_1_86' title='bbox 540 1130 596 1182; x_wconf 89' lang='lat' dir='ltr'>qua</span> <span class='ocrx_word' id='word_1_87' title='bbox 612 1111 729 1182; x_wconf 88' lang='lat' dir='ltr'>populus</span> <span class='ocrx_word' id='word_1_88' title='bbox 745 1111 836 1164; x_wconf 85' lang='lat' dir='ltr'>adsita</span> <span class='ocrx_word' id='word_1_89' title='bbox 853 1110 936 1165; x_wconf 84' lang='lat' dir='ltr'>certis</span> <span class='ocrx_word' id='word_1_90' title='bbox 988 1124 1022 1164; x_wconf 86' lang='lat'>110</span> 
     </span>
     <span class='ocr_line' id='line_1_14' title="bbox 173 1187 822 1256; baseline -0.006 -16"><span class='ocrx_word' id='word_1_91' title='bbox 173 1188 317 1242; x_wconf 80' lang='lat' dir='ltr'>limitibus</span> <span class='ocrx_word' id='word_1_92' title='bbox 334 1189 422 1242; x_wconf 81' lang='lat' dir='ltr'>vicina</span> <span class='ocrx_word' id='word_1_93' title='bbox 438 1188 540 1256; x_wconf 83' lang='lat' dir='ltr'>refugit</span> <span class='ocrx_word' id='word_1_94' title='bbox 554 1187 664 1254; x_wconf 81' lang='lat' dir='ltr'>jurgia3</span> <span class='ocrx_word' id='word_1_95' title='bbox 680 1188 822 1252; x_wconf 82' lang='lat' dir='ltr'>tamquam</span> 
     </span>
    </p>

    <p class='ocr_par' dir='ltr' id='par_1_8' title="bbox 172 1259 1022 1634">
     <span class='ocr_line' id='line_1_15' title="bbox 173 1259 980 1332; baseline -0.005 -16"><span class='ocrx_word' id='word_1_96' title='bbox 173 1262 215 1316; x_wconf 83' lang='lat' dir='ltr'>Sit</span> <span class='ocrx_word' id='word_1_97' title='bbox 232 1264 371 1332; x_wconf 82' lang='lat' dir='ltr'>proprium</span> <span class='ocrx_word' id='word_1_98' title='bbox 388 1264 545 1332; x_wconf 86' lang='lat' dir='ltr'>quidquam,</span> <span class='ocrx_word' id='word_1_99' title='bbox 561 1264 664 1331; x_wconf 88' lang='lat' dir='ltr'>puncto</span> <span class='ocrx_word' id='word_1_100' title='bbox 681 1260 756 1329; x_wconf 89' lang='lat' dir='ltr'>quod</span> <span class='ocrx_word' id='word_1_101' title='bbox 772 1259 880 1313; x_wconf 91' lang='lat' dir='ltr'>mobilis</span> <span class='ocrx_word' id='word_1_102' title='bbox 897 1259 980 1313; x_wconf 90' lang='lat' dir='ltr'>horae</span> 
     </span>
     <span class='ocr_line' id='line_1_16' title="bbox 172 1337 994 1408; baseline 0 -17"><span class='ocrx_word' id='word_1_103' title='bbox 172 1337 199 1391; x_wconf 92' lang='lat' dir='ltr'>N</span> <span class='ocrx_word' id='word_1_104' title='bbox 201 1354 253 1393; x_wconf 92' lang='lat' dir='ltr'>uno</span> <span class='ocrx_word' id='word_1_105' title='bbox 263 1356 352 1408; x_wconf 87' lang='lat' dir='ltr'>prece,</span> <span class='ocrx_word' id='word_1_106' title='bbox 364 1355 435 1393; x_wconf 88' lang='lat' dir='ltr'>nunc</span> <span class='ocrx_word' id='word_1_107' title='bbox 445 1339 541 1408; x_wconf 91' lang='lat' dir='ltr'>pretio,</span> <span class='ocrx_word' id='word_1_108' title='bbox 553 1354 625 1392; x_wconf 90' lang='lat' dir='ltr'>nunc</span> <span class='ocrx_word' id='word_1_109' title='bbox 636 1337 672 1404; x_wconf 84' lang='lat' dir='ltr'>vi,</span> <span class='ocrx_word' id='word_1_110' title='bbox 684 1353 756 1391; x_wconf 88' lang='lat' dir='ltr'>nunc</span> <span class='ocrx_word' id='word_1_111' title='bbox 767 1340 856 1391; x_wconf 88' lang='lat' dir='ltr'>morte</span> <span class='ocrx_word' id='word_1_112' title='bbox 868 1353 994 1407; x_wconf 88' lang='lat' dir='ltr'>suprema</span> 
     </span>
     <span class='ocr_line' id='line_1_17' title="bbox 173 1413 1012 1481; baseline 0.001 -14"><span class='ocrx_word' id='word_1_113' title='bbox 173 1414 316 1469; x_wconf 90' lang='lat' dir='ltr'>Permutet</span> <span class='ocrx_word' id='word_1_114' title='bbox 334 1415 457 1469; x_wconf 90' lang='lat' dir='ltr'>dominos</span> <span class='ocrx_word' id='word_1_115' title='bbox 474 1418 504 1469; x_wconf 90' lang='lat' dir='ltr'>et</span> <span class='ocrx_word' id='word_1_116' title='bbox 520 1415 602 1468; x_wconf 89' lang='lat' dir='ltr'>cedat</span> <span class='ocrx_word' id='word_1_117' title='bbox 618 1414 648 1467; x_wconf 90' lang='lat' dir='ltr'>in</span> <span class='ocrx_word' id='word_1_118' title='bbox 665 1413 752 1467; x_wconf 87' lang='lat' dir='ltr'>altera</span> <span class='ocrx_word' id='word_1_119' title='bbox 765 1413 837 1481; x_wconf 85' lang='lat' dir='ltr'>jura.</span> <span class='ocrx_word' id='word_1_120' title='bbox 1011 1465 1012 1468; x_wconf 74' lang='grc'>,</span> 
     </span>
     <span class='ocr_line' id='line_1_18' title="bbox 172 1489 1022 1561; baseline -0.001 -16"><span class='ocrx_word' id='word_1_121' title='bbox 172 1490 216 1545; x_wconf 81' lang='lat' dir='ltr'>Sic</span> <span class='ocrx_word' id='word_1_122' title='bbox 233 1491 297 1561; x_wconf 84' lang='lat' dir='ltr'>quia</span> <span class='ocrx_word' id='word_1_123' title='bbox 312 1495 462 1561; x_wconf 88' lang='lat' dir='ltr'>perpetuus</span> <span class='ocrx_word' id='word_1_124' title='bbox 478 1490 547 1544; x_wconf 88' lang='lat' dir='ltr'>nulli</span> <span class='ocrx_word' id='word_1_125' title='bbox 565 1489 648 1543; x_wconf 82' lang='lat' dir='ltr'>datm</span> <span class='ocrx_word' id='word_1_126' title='bbox 665 1505 737 1557; x_wconf 89' lang='lat' dir='ltr'>usus,</span> <span class='ocrx_word' id='word_1_127' title='bbox 755 1492 784 1542; x_wconf 90' lang='lat' dir='ltr'>et</span> <span class='ocrx_word' id='word_1_128' title='bbox 801 1489 883 1543; x_wconf 88' lang='lat' dir='ltr'>heres</span> <span class='ocrx_word' id='word_1_129' title='bbox 988 1504 1022 1545; x_wconf 81' lang='lat'>110</span> 
     </span>
     <span class='ocr_line' id='line_1_19' title="bbox 173 1564 927 1634; baseline -0.004 -15"><span class='ocrx_word' id='word_1_130' title='bbox 173 1565 311 1621; x_wconf 88' lang='lat' dir='ltr'>Heredem</span> <span class='ocrx_word' id='word_1_131' title='bbox 329 1567 441 1624; x_wconf 87' lang='lat' dir='ltr'>alterius</span> <span class='ocrx_word' id='word_1_132' title='bbox 458 1567 534 1621; x_wconf 83' lang='lat' dir='ltr'>velut</span> <span class='ocrx_word' id='word_1_133' title='bbox 544 1566 626 1619; x_wconf 78' lang='lat' dir='ltr'>=unda</span> <span class='ocrx_word' id='word_1_134' title='bbox 643 1564 800 1634; x_wconf 78' lang='lat' dir='ltr'>superuenit</span> <span class='ocrx_word' id='word_1_135' title='bbox 817 1564 927 1633; x_wconf 87' lang='lat' dir='ltr'>undam,</span> 
     </span>
    </p>

    <p class='ocr_par' dir='ltr' id='par_1_9' title="bbox 172 1639 944 1786">
     <span class='ocr_line' id='line_1_20' title="bbox 173 1639 944 1712; baseline -0.003 -17"><span class='ocrx_word' id='word_1_136' title='bbox 173 1641 244 1706; x_wconf 81' lang='lat' dir='ltr'>Quid</span> <span class='ocrx_word' id='word_1_137' title='bbox 260 1643 312 1696; x_wconf 85' lang='lat' dir='ltr'>vici</span> <span class='ocrx_word' id='word_1_138' title='bbox 328 1646 443 1712; x_wconf 88' lang='lat' dir='ltr'>prosunt</span> <span class='ocrx_word' id='word_1_139' title='bbox 460 1645 508 1696; x_wconf 90' lang='lat' dir='ltr'>aut</span> <span class='ocrx_word' id='word_1_140' title='bbox 524 1641 639 1696; x_wconf 80' lang='lat' dir='ltr'>horraei</span> <span class='ocrx_word' id='word_1_141' title='bbox 657 1640 758 1711; x_wconf 85' lang='lat' dir='ltr'>quidve</span> <span class='ocrx_word' id='word_1_142' title='bbox 777 1639 900 1693; x_wconf 79' lang='lat' dir='ltr'>Calabris</span> <span class='ocrx_word' id='word_1_143' title='bbox 941 1687 944 1694; x_wconf 77' lang='grc'><strong><em>,</em></strong></span> 
     </span>
     <span class='ocr_line' id='line_1_21' title="bbox 172 1714 784 1786; baseline 0 -18"><span class='ocrx_word' id='word_1_144' title='bbox 172 1714 292 1769; x_wconf 82' lang='lat' dir='ltr'>Saltibus</span> <span class='ocrx_word' id='word_1_145' title='bbox 308 1717 410 1786; x_wconf 85' lang='lat' dir='ltr'>adjecti</span> <span class='ocrx_word' id='word_1_146' title='bbox 428 1716 538 1784; x_wconf 87' lang='lat' dir='ltr'>Lucani,</span> <span class='ocrx_word' id='word_1_147' title='bbox 555 1716 580 1770; x_wconf 89' lang='lat' dir='ltr'>si</span> <span class='ocrx_word' id='word_1_148' title='bbox 596 1717 678 1769; x_wconf 91' lang='lat' dir='ltr'>metit</span> <span class='ocrx_word' id='word_1_149' title='bbox 695 1715 784 1769; x_wconf 88' lang='lat' dir='ltr'>Orcus</span> 
     </span>
    </p>

    <p class='ocr_par' dir='ltr' id='par_1_10' title="bbox 173 1789 1023 2010">
     <span class='ocr_line' id='line_1_22' title="bbox 173 1789 908 1863; baseline 0.001 -20"><span class='ocrx_word' id='word_1_150' title='bbox 173 1789 294 1845; x_wconf 87' lang='lat' dir='ltr'>Grandia</span> <span class='ocrx_word' id='word_1_151' title='bbox 312 1809 373 1845; x_wconf 88' lang='lat' dir='ltr'>eum</span> <span class='ocrx_word' id='word_1_152' title='bbox 390 1792 489 1863; x_wconf 87' lang='lat' dir='ltr'>parvis,</span> <span class='ocrx_word' id='word_1_153' title='bbox 506 1808 561 1844; x_wconf 91' lang='lat' dir='ltr'>non</span> <span class='ocrx_word' id='word_1_154' title='bbox 579 1790 725 1844; x_wconf 83' lang='lat' dir='ltr'>exorabilis</span> <span class='ocrx_word' id='word_1_155' title='bbox 742 1791 826 1844; x_wconf 79' lang='lat' dir='ltr'>aurol</span> <span class='ocrx_word' id='word_1_156' title='bbox 906 1846 908 1850; x_wconf 59' lang='grc'><strong>,</strong></span> 
     </span>
     <span class='ocr_line' id='line_1_23' title="bbox 173 1862 1023 1935; baseline -0.001 -15"><span class='ocrx_word' id='word_1_157' title='bbox 173 1865 307 1935; x_wconf 84' lang='lat' dir='ltr'>Gemmas,</span> <span class='ocrx_word' id='word_1_158' title='bbox 324 1883 450 1933; x_wconf 87' lang='lat' dir='ltr'>marmor,</span> <span class='ocrx_word' id='word_1_159' title='bbox 469 1866 545 1932; x_wconf 85' lang='lat' dir='ltr'>ebur,</span> <span class='ocrx_word' id='word_1_160' title='bbox 564 1865 704 1933; x_wconf 83' lang='lat' dir='ltr'>Tyrrhena</span> <span class='ocrx_word' id='word_1_161' title='bbox 720 1865 815 1933; x_wconf 86' lang='lat' dir='ltr'>sigilla,</span> <span class='ocrx_word' id='word_1_162' title='bbox 834 1862 958 1932; x_wconf 86' lang='lat' dir='ltr'>tabellas,</span> <span class='ocrx_word' id='word_1_163' title='bbox 989 1881 1023 1920; x_wconf 86' lang='grc'>111</span> 
     </span>
     <span class='ocr_line' id='line_1_24' title="bbox 173 1939 822 2010; baseline 0 -17"><span class='ocrx_word' id='word_1_164' title='bbox 173 1940 334 2010; x_wconf 82' lang='lat' dir='ltr'>Argentum,</span> <span class='ocrx_word' id='word_1_165' title='bbox 352 1945 442 1995; x_wconf 83' lang='lat' dir='ltr'>vestes</span> <span class='ocrx_word' id='word_1_166' title='bbox 461 1939 577 1995; x_wconf 86' lang='lat' dir='ltr'>Gaetulo</span> <span class='ocrx_word' id='word_1_167' title='bbox 594 1940 697 1994; x_wconf 85' lang='lat' dir='ltr'>murice</span> <span class='ocrx_word' id='word_1_168' title='bbox 713 1940 822 2008; x_wconf 87' lang='lat' dir='ltr'>tinetas,</span> 
     </span>
    </p>

    <p class='ocr_par' dir='ltr' id='par_1_11' title="bbox 172 2014 941 2086">
     <span class='ocr_line' id='line_1_25' title="bbox 172 2014 941 2086; baseline 0 -16"><span class='ocrx_word' id='word_1_169' title='bbox 172 2016 243 2071; x_wconf 85' lang='lat' dir='ltr'>Sunt</span> <span class='ocrx_word' id='word_1_170' title='bbox 260 2018 307 2086; x_wconf 91' lang='lat' dir='ltr'>qui</span> <span class='ocrx_word' id='word_1_171' title='bbox 323 2033 377 2071; x_wconf 92' lang='lat' dir='ltr'>non</span> <span class='ocrx_word' id='word_1_172' title='bbox 394 2016 520 2082; x_wconf 87' lang='lat' dir='ltr'>habeant,</span> <span class='ocrx_word' id='word_1_173' title='bbox 538 2018 582 2070; x_wconf 85' lang='lat' dir='ltr'>est</span> <span class='ocrx_word' id='word_1_174' title='bbox 600 2015 648 2085; x_wconf 91' lang='lat' dir='ltr'>qui</span> <span class='ocrx_word' id='word_1_175' title='bbox 664 2032 720 2069; x_wconf 88' lang='lat' dir='ltr'>non</span> <span class='ocrx_word' id='word_1_176' title='bbox 737 2019 816 2070; x_wconf 88' lang='lat' dir='ltr'>curat</span> <span class='ocrx_word' id='word_1_177' title='bbox 832 2014 941 2070; x_wconf 88' lang='lat' dir='ltr'>habere.</span> 
     </span>
    </p>

    <p class='ocr_par' dir='ltr' id='par_1_12' title="bbox 172 2090 985 2236">
     <span class='ocr_line' id='line_1_26' title="bbox 172 2090 985 2158; baseline -0.005 -11"><span class='ocrx_word' id='word_1_178' title='bbox 172 2092 228 2147; x_wconf 82' lang='lat' dir='ltr'>(lur</span> <span class='ocrx_word' id='word_1_179' title='bbox 245 2093 317 2149; x_wconf 88' lang='lat' dir='ltr'>alter</span> <span class='ocrx_word' id='word_1_180' title='bbox 332 2093 449 2146; x_wconf 85' lang='lat' dir='ltr'>fratrum</span> <span class='ocrx_word' id='word_1_181' title='bbox 467 2108 574 2146; x_wconf 88' lang='lat' dir='ltr'>cessare</span> <span class='ocrx_word' id='word_1_182' title='bbox 592 2094 622 2146; x_wconf 87' lang='lat' dir='ltr'>et</span> <span class='ocrx_word' id='word_1_183' title='bbox 639 2092 735 2145; x_wconf 87' lang='lat' dir='ltr'>ludere</span> <span class='ocrx_word' id='word_1_184' title='bbox 753 2093 783 2145; x_wconf 93' lang='lat' dir='ltr'>et</span> <span class='ocrx_word' id='word_1_185' title='bbox 800 2090 868 2158; x_wconf 85' lang='lat' dir='ltr'>ungi</span> <span class='ocrx_word' id='word_1_186' title='bbox 983 2112 985 2115; x_wconf 94' lang='lat'>·</span> 
     </span>
     <span class='ocr_line' id='line_1_27' title="bbox 172 2165 856 2236; baseline -0.003 -15"><span class='ocrx_word' id='word_1_187' title='bbox 172 2168 313 2222; x_wconf 85' lang='lat' dir='ltr'>Praeferat</span> <span class='ocrx_word' id='word_1_188' title='bbox 332 2167 452 2221; x_wconf 91' lang='lat' dir='ltr'>Herodis</span> <span class='ocrx_word' id='word_1_189' title='bbox 468 2167 596 2236; x_wconf 85' lang='lat' dir='ltr'>palmetis</span> <span class='ocrx_word' id='word_1_190' title='bbox 612 2166 766 2236; x_wconf 89' lang='lat' dir='ltr'>pinguibus,</span> <span class='ocrx_word' id='word_1_191' title='bbox 783 2165 856 2219; x_wconf 87' lang='lat' dir='ltr'>alter</span> 
     </span>
    </p>

    <p class='ocr_par' dir='ltr' id='par_1_13' title="bbox 171 2241 1024 2386">
     <span class='ocr_line' id='line_1_28' title="bbox 171 2241 1024 2313; baseline 0 -17"><span class='ocrx_word' id='word_1_192' title='bbox 171 2244 256 2298; x_wconf 83' lang='lat' dir='ltr'>Dives</span> <span class='ocrx_word' id='word_1_193' title='bbox 273 2248 302 2298; x_wconf 90' lang='lat' dir='ltr'>et</span> <span class='ocrx_word' id='word_1_194' title='bbox 319 2244 491 2313; x_wconf 85' lang='lat' dir='ltr'>importunus</span> <span class='ocrx_word' id='word_1_195' title='bbox 508 2243 545 2296; x_wconf 87' lang='lat' dir='ltr'>ad</span> <span class='ocrx_word' id='word_1_196' title='bbox 561 2242 687 2297; x_wconf 89' lang='lat' dir='ltr'>umbram</span> <span class='ocrx_word' id='word_1_197' title='bbox 704 2242 772 2296; x_wconf 88' lang='lat' dir='ltr'>lucis</span> <span class='ocrx_word' id='word_1_198' title='bbox 790 2241 825 2295; x_wconf 91' lang='lat' dir='ltr'>ab</span> <span class='ocrx_word' id='word_1_199' title='bbox 843 2245 907 2296; x_wconf 89' lang='lat' dir='ltr'>ortu</span> <span class='ocrx_word' id='word_1_200' title='bbox 990 2255 1024 2296; x_wconf 81' lang='lat'>100</span> 
     </span>
     <span class='ocr_line' id='line_1_29' title="bbox 171 2318 848 2386; baseline -0.003 -14"><span class='ocrx_word' id='word_1_201' title='bbox 171 2319 328 2374; x_wconf 73' lang='lat' dir='ltr'>silvestrem</span> <span class='ocrx_word' id='word_1_202' title='bbox 346 2319 462 2373; x_wconf 87' lang='lat' dir='ltr'>flammis</span> <span class='ocrx_word' id='word_1_203' title='bbox 479 2321 509 2372; x_wconf 90' lang='lat' dir='ltr'>et</span> <span class='ocrx_word' id='word_1_204' title='bbox 525 2318 599 2372; x_wconf 87' lang='lat' dir='ltr'>ferro</span> <span class='ocrx_word' id='word_1_205' title='bbox 617 2318 726 2385; x_wconf 86' lang='lat' dir='ltr'>mitiget</span> <span class='ocrx_word' id='word_1_206' title='bbox 743 2333 848 2386; x_wconf 86' lang='lat' dir='ltr'>agrum,</span> 
     </span>
    </p>
   </div>
   <div class='ocr_carea' id='block_1_3' title="bbox 56 2394 924 2464">
    <p class='ocr_par' dir='ltr' id='par_1_14' title="bbox 56 2394 924 2464">
     <span class='ocr_line' id='line_1_30' title="bbox 56 2394 924 2464; baseline -0.005 -14"><span class='ocrx_word' id='word_1_207' title='bbox 56 2438 58 2443; x_wconf 86' lang='lat'><em>.</em></span> <span class='ocrx_word' id='word_1_208' title='bbox 171 2395 229 2450; x_wconf 81' lang='lat' dir='ltr'>Scit</span> <span class='ocrx_word' id='word_1_209' title='bbox 246 2395 357 2462; x_wconf 86' lang='lat' dir='ltr'>Genius,</span> <span class='ocrx_word' id='word_1_210' title='bbox 374 2394 466 2449; x_wconf 85' lang='lat' dir='ltr'>natale</span> <span class='ocrx_word' id='word_1_211' title='bbox 483 2410 574 2448; x_wconf 88' lang='lat' dir='ltr'>comes</span> <span class='ocrx_word' id='word_1_212' title='bbox 592 2394 639 2464; x_wconf 90' lang='lat' dir='ltr'>qui</span> <span class='ocrx_word' id='word_1_213' title='bbox 657 2396 794 2462; x_wconf 89' lang='lat' dir='ltr'>temperat</span> <span class='ocrx_word' id='word_1_214' title='bbox 811 2395 924 2461; x_wconf 87' lang='lat' dir='ltr'>astrum,</span> 
     </span>
    </p>
   </div>
   <div class='ocr_carea' id='block_1_4' title="bbox 171 2468 1024 3295">
    <p class='ocr_par' dir='ltr' id='par_1_15' title="bbox 172 2468 830 2537">
     <span class='ocr_line' id='line_1_31' title="bbox 172 2468 830 2537; baseline -0.005 -13"><span class='ocrx_word' id='word_1_215' title='bbox 172 2471 294 2525; x_wconf 86' lang='lat' dir='ltr'>Naturae</span> <span class='ocrx_word' id='word_1_216' title='bbox 311 2470 380 2524; x_wconf 89' lang='lat' dir='ltr'>deus</span> <span class='ocrx_word' id='word_1_217' title='bbox 396 2469 539 2537; x_wconf 88' lang='lat' dir='ltr'>hnmanae,</span> <span class='ocrx_word' id='word_1_218' title='bbox 557 2468 682 2523; x_wconf 87' lang='lat' dir='ltr'>mortalis</span> <span class='ocrx_word' id='word_1_219' title='bbox 699 2469 729 2521; x_wconf 90' lang='lat' dir='ltr'>in</span> <span class='ocrx_word' id='word_1_220' title='bbox 746 2484 830 2522; x_wconf 89' lang='lat' dir='ltr'>unum</span> 
     </span>
    </p>

    <p class='ocr_par' dir='ltr' id='par_1_16' title="bbox 172 2544 901 2615">
     <span class='ocr_line' id='line_1_32' title="bbox 172 2544 901 2615; baseline -0.004 -15"><span class='ocrx_word' id='word_1_221' title='bbox 172 2547 305 2615; x_wconf 87' lang='lat' dir='ltr'>Quodque</span> <span class='ocrx_word' id='word_1_222' title='bbox 322 2549 412 2615; x_wconf 85' lang='lat' dir='ltr'>caput,</span> <span class='ocrx_word' id='word_1_223' title='bbox 429 2545 508 2599; x_wconf 83' lang='lat' dir='ltr'>vultu</span> <span class='ocrx_word' id='word_1_224' title='bbox 526 2545 673 2613; x_wconf 87' lang='lat' dir='ltr'>mutabilis,</span> <span class='ocrx_word' id='word_1_225' title='bbox 691 2544 769 2598; x_wconf 87' lang='lat' dir='ltr'>albus</span> <span class='ocrx_word' id='word_1_226' title='bbox 787 2546 816 2597; x_wconf 92' lang='lat' dir='ltr'>et</span> <span class='ocrx_word' id='word_1_227' title='bbox 833 2546 901 2597; x_wconf 90' lang='lat' dir='ltr'>ater.</span> 
     </span>
    </p>

    <p class='ocr_par' dir='ltr' id='par_1_17' title="bbox 171 2621 1024 2765">
     <span class='ocr_line' id='line_1_33' title="bbox 171 2621 1024 2689; baseline 0 -15"><span class='ocrx_word' id='word_1_228' title='bbox 171 2621 243 2675; x_wconf 87' lang='lat' dir='ltr'>Utar</span> <span class='ocrx_word' id='word_1_229' title='bbox 259 2625 289 2676; x_wconf 88' lang='lat' dir='ltr'>et</span> <span class='ocrx_word' id='word_1_230' title='bbox 306 2638 341 2676; x_wconf 84' lang='lat' dir='ltr'>ex</span> <span class='ocrx_word' id='word_1_231' title='bbox 357 2621 464 2674; x_wconf 88' lang='lat' dir='ltr'>modico</span> <span class='ocrx_word' id='word_1_232' title='bbox 484 2624 617 2689; x_wconf 87' lang='lat' dir='ltr'>quantum</span> <span class='ocrx_word' id='word_1_233' title='bbox 635 2636 680 2674; x_wconf 90' lang='lat' dir='ltr'>res</span> <span class='ocrx_word' id='word_1_234' title='bbox 697 2622 793 2688; x_wconf 86' lang='lat' dir='ltr'>poscet</span> <span class='ocrx_word' id='word_1_235' title='bbox 810 2634 907 2672; x_wconf 81' lang='lat' dir='ltr'>acervo</span> <span class='ocrx_word' id='word_1_236' title='bbox 990 2635 1024 2674; x_wconf 89' lang='lat'>100</span> 
     </span>
     <span class='ocr_line' id='line_1_34' title="bbox 172 2692 916 2765; baseline -0.004 -16"><span class='ocrx_word' id='word_1_237' title='bbox 172 2696 282 2765; x_wconf 82' lang='lat' dir='ltr'>Tollam,</span> <span class='ocrx_word' id='word_1_238' title='bbox 299 2713 350 2750; x_wconf 89' lang='lat' dir='ltr'>nec</span> <span class='ocrx_word' id='word_1_239' title='bbox 367 2699 488 2750; x_wconf 88' lang='lat' dir='ltr'>metuam</span> <span class='ocrx_word' id='word_1_240' title='bbox 506 2695 575 2765; x_wconf 89' lang='lat' dir='ltr'>quid</span> <span class='ocrx_word' id='word_1_241' title='bbox 592 2695 628 2749; x_wconf 91' lang='lat' dir='ltr'>de</span> <span class='ocrx_word' id='word_1_242' title='bbox 644 2711 690 2749; x_wconf 89' lang='lat' dir='ltr'>me</span> <span class='ocrx_word' id='word_1_243' title='bbox 702 2693 812 2763; x_wconf 87' lang='lat' dir='ltr'>judicet</span> <span class='ocrx_word' id='word_1_244' title='bbox 828 2692 916 2762; x_wconf 84' lang='lat' dir='ltr'>heres,</span> 
     </span>
    </p>

    <p class='ocr_par' dir='ltr' id='par_1_18' title="bbox 173 2769 930 2842">
     <span class='ocr_line' id='line_1_35' title="bbox 173 2769 930 2842; baseline -0.007 -16"><span class='ocrx_word' id='word_1_245' title='bbox 173 2772 253 2837; x_wconf 81' lang='lat' dir='ltr'>Quod</span> <span class='ocrx_word' id='word_1_246' title='bbox 270 2789 324 2825; x_wconf 92' lang='lat' dir='ltr'>non</span> <span class='ocrx_word' id='word_1_247' title='bbox 340 2772 421 2842; x_wconf 90' lang='lat' dir='ltr'>plura</span> <span class='ocrx_word' id='word_1_248' title='bbox 438 2771 511 2825; x_wconf 87' lang='lat' dir='ltr'>datis</span> <span class='ocrx_word' id='word_1_249' title='bbox 527 2771 681 2837; x_wconf 83' lang='lat' dir='ltr'>invenerit3</span> <span class='ocrx_word' id='word_1_250' title='bbox 699 2772 729 2823; x_wconf 87' lang='lat' dir='ltr'>et</span> <span class='ocrx_word' id='word_1_251' title='bbox 746 2774 839 2824; x_wconf 89' lang='lat' dir='ltr'>tamen</span> <span class='ocrx_word' id='word_1_252' title='bbox 855 2769 930 2822; x_wconf 90' lang='lat' dir='ltr'>idem</span> 
     </span>
    </p>

    <p class='ocr_par' dir='ltr' id='par_1_19' title="bbox 172 2843 914 2992">
     <span class='ocr_line' id='line_1_36' title="bbox 172 2843 914 2916; baseline -0.007 -15"><span class='ocrx_word' id='word_1_253' title='bbox 172 2849 246 2901; x_wconf 82' lang='lat' dir='ltr'>Scire</span> <span class='ocrx_word' id='word_1_254' title='bbox 263 2846 352 2900; x_wconf 84' lang='lat' dir='ltr'>volam</span> <span class='ocrx_word' id='word_1_255' title='bbox 369 2850 502 2916; x_wconf 74' lang='lat' dir='ltr'>quamtum</span> <span class='ocrx_word' id='word_1_256' title='bbox 521 2846 636 2915; x_wconf 87' lang='lat' dir='ltr'>simplex</span> <span class='ocrx_word' id='word_1_257' title='bbox 653 2844 802 2913; x_wconf 87' lang='lat' dir='ltr'>hilarisque</span> <span class='ocrx_word' id='word_1_258' title='bbox 819 2843 914 2912; x_wconf 88' lang='lat' dir='ltr'>nepoti</span> 
     </span>
     <span class='ocr_line' id='line_1_37' title="bbox 172 2921 894 2992; baseline -0.004 -15"><span class='ocrx_word' id='word_1_259' title='bbox 172 2922 318 2992; x_wconf 87' lang='lat' dir='ltr'>Discrepet</span> <span class='ocrx_word' id='word_1_260' title='bbox 334 2925 364 2977; x_wconf 89' lang='lat' dir='ltr'>et</span> <span class='ocrx_word' id='word_1_261' title='bbox 381 2925 514 2992; x_wconf 87' lang='lat' dir='ltr'>quantum</span> <span class='ocrx_word' id='word_1_262' title='bbox 532 2921 672 2975; x_wconf 88' lang='lat' dir='ltr'>discordet</span> <span class='ocrx_word' id='word_1_263' title='bbox 688 2935 787 2990; x_wconf 89' lang='lat' dir='ltr'>parcus</span> <span class='ocrx_word' id='word_1_264' title='bbox 804 2934 894 2974; x_wconf 81' lang='lat' dir='ltr'>avaro.</span> 
     </span>
    </p>

    <p class='ocr_par' dir='ltr' id='par_1_20' title="bbox 172 2995 1023 3142">
     <span class='ocr_line' id='line_1_38' title="bbox 172 2995 1023 3067; baseline -0.004 -15"><span class='ocrx_word' id='word_1_265' title='bbox 172 2999 265 3052; x_wconf 87' lang='lat' dir='ltr'>Distat</span> <span class='ocrx_word' id='word_1_266' title='bbox 274 2998 346 3052; x_wconf 90' lang='lat' dir='ltr'>enim</span> <span class='ocrx_word' id='word_1_267' title='bbox 356 3013 468 3067; x_wconf 85' lang='lat' dir='ltr'>spargas</span> <span class='ocrx_word' id='word_1_268' title='bbox 476 3000 525 3051; x_wconf 85' lang='lat' dir='ltr'>tua</span> <span class='ocrx_word' id='word_1_269' title='bbox 533 2996 664 3065; x_wconf 86' lang='lat' dir='ltr'>prodigus</span> <span class='ocrx_word' id='word_1_270' title='bbox 673 3011 707 3049; x_wconf 88' lang='lat' dir='ltr'>an</span> <span class='ocrx_word' id='word_1_271' title='bbox 715 3010 805 3062; x_wconf 87' lang='lat' dir='ltr'>neque</span> <span class='ocrx_word' id='word_1_272' title='bbox 815 2995 954 3063; x_wconf 85' lang='lat' dir='ltr'>sumptum</span> <span class='ocrx_word' id='word_1_273' title='bbox 989 3008 1023 3050; x_wconf 82' lang='lat'>101</span> 
     </span>
     <span class='ocr_line' id='line_1_39' title="bbox 172 3069 828 3142; baseline -0.011 -14"><span class='ocrx_word' id='word_1_274' title='bbox 172 3074 280 3128; x_wconf 84' lang='lat' dir='ltr'>Invitus</span> <span class='ocrx_word' id='word_1_275' title='bbox 296 3073 380 3127; x_wconf 87' lang='lat' dir='ltr'>facias</span> <span class='ocrx_word' id='word_1_276' title='bbox 397 3088 486 3142; x_wconf 90' lang='lat' dir='ltr'>neque</span> <span class='ocrx_word' id='word_1_277' title='bbox 503 3071 583 3140; x_wconf 87' lang='lat' dir='ltr'>plura</span> <span class='ocrx_word' id='word_1_278' title='bbox 599 3087 697 3141; x_wconf 87' lang='lat' dir='ltr'>parare</span> <span class='ocrx_word' id='word_1_279' title='bbox 713 3069 828 3137; x_wconf 85' lang='lat' dir='ltr'>labores,</span> 
     </span>
    </p>

    <p class='ocr_par' dir='ltr' id='par_1_21' title="bbox 172 3142 884 3221">
     <span class='ocr_line' id='line_1_40' title="bbox 172 3142 884 3221; baseline -0.011 -16"><span class='ocrx_word' id='word_1_280' title='bbox 172 3152 215 3205; x_wconf 86' lang='lat' dir='ltr'>Ac</span> <span class='ocrx_word' id='word_1_281' title='bbox 231 3149 331 3221; x_wconf 78' lang='lat' dir='ltr'>potius²</span> <span class='ocrx_word' id='word_1_282' title='bbox 347 3164 417 3218; x_wconf 90' lang='lat' dir='ltr'>puer</span> <span class='ocrx_word' id='word_1_283' title='bbox 434 3150 466 3200; x_wconf 92' lang='lat' dir='ltr'>ut</span> <span class='ocrx_word' id='word_1_284' title='bbox 482 3146 560 3200; x_wconf 88' lang='lat' dir='ltr'>festis</span> <span class='ocrx_word' id='word_1_285' title='bbox 579 3143 795 3216; x_wconf 79' lang='lat' dir='ltr'>Quinquatribus</span> <span class='ocrx_word' id='word_1_286' title='bbox 812 3142 884 3213; x_wconf 87' lang='lat' dir='ltr'>olim,</span> 
     </span>
    </p>

    <p class='ocr_par' dir='ltr' id='par_1_22' title="bbox 172 3219 815 3295">
     <span class='ocr_line' id='line_1_41' title="bbox 172 3219 815 3295; baseline -0.014 -14"><span class='ocrx_word' id='word_1_287' title='bbox 172 3225 279 3295; x_wconf 79' lang='lat' dir='ltr'>Exiguo</span> <span class='ocrx_word' id='word_1_288' title='bbox 295 3227 431 3294; x_wconf 83' lang='lat' dir='ltr'>gratoque</span> <span class='ocrx_word' id='word_1_289' title='bbox 447 3221 547 3277; x_wconf 68' lang='lat' dir='ltr'>buada</span> <span class='ocrx_word' id='word_1_290' title='bbox 564 3224 689 3288; x_wconf 85' lang='lat' dir='ltr'>tempore</span> <span class='ocrx_word' id='word_1_291' title='bbox 706 3219 815 3288; x_wconf 80' lang='lat' dir='ltr'>raptim.</span> 
     </span>
    </p>
   </div>
   <div class='ocr_carea' id='block_1_5' title="bbox 0 0 1143 3550">
    <p class='ocr_par' dir='ltr' id='par_1_23' title="bbox 0 0 1143 3550">
     <span class='ocr_line' id='line_1_42' title="bbox 0 0 1143 3550; baseline 0 0"><span class='ocrx_word' id='word_1_292' title='bbox 0 0 1143 3550; x_wconf 95' lang='lat' dir='ltr'> </span> 
     </span>
    </p>
   </div>
  </div>
 </body>
</html>
