2275 3550
135 176 185 246 na
408 173 563 226 eoaurrr
580 173 711 225 recem
772 216 787 254 „

133 250 317 310 Adversarius
335 256 378 311 ete
397 255 413 284 “
421 256 481 320 Quo
498 259 531 309 tu
547 256 706 324 turpissime
715 254 741 310 1”
760 270 861 324 magna
964 270 992 316 π

133 330 267 387 Inclamat
283 347 364 396 voce;
381 335 411 386 et
428 331 530 384 “Licet
547 331 681 385 antestari
690 330 715 384 2²¹
753 330 812 398 Ego
829 347 894 385 vero
954 325 957 334 “

133 405 248 475 Oppono
265 406 420 466 auriculam.
456 406 541 474 Rapit
557 405 587 458 in
601 405 663 472 jus;
680 406 783 459 clamor
800 407 946 477 utrinque3

132 482 263 553 Undique
280 498 434 537 concursus.
470 481 577 536 Sicine
595 481 713 535 servavit
731 481 840 550 Apollo.
854 475 858 479 “

544 624 571 679 X

132 707 159 762 N
160 700 237 762 111111
254 708 431 778 incompodto
449 708 507 763 dixi
523 707 596 777 pede
613 723 724 762 currere
741 723 836 771 versus

132 783 227 838 Lucili.
262 784 330 848 Quis
347 789 405 839 tam
424 785 511 839 Lucili
528 785 620 838 fautor
637 784 730 851 inepte
747 787 792 837 est

131 857 172 912 Ut
189 876 244 913 nou
261 860 312 913 hcc
328 861 469 914 fateatur?
505 860 546 913 At
563 859 639 912 idem
656 857 732 926 quod
749 858 807 911 sale
823 857 909 913 multe

131 932 237 988 Urbem
255 935 385 989 defricuit
402 935 498 988 charta
514 935 645 988 laudatur
663 933 767 987 eadem.

131 1009 157 1062 N
159 1026 190 1063 ec
197 1013 289 1064 tamen
296 1010 348 1064 hoc
354 1010 480 1066 tribuens
487 1009 612 1064 dederim
619 1026 728 1079 quoque
735 1012 913 1074 ceteraanam
920 1009 959 1063 sic
972 1024 987 1065 5

131 1086 168 1139 Et
186 1085 285 1140 Laberi
302 1086 400 1141 mimos
416 1091 450 1141 ut
466 1086 581 1156 pulchra
597 1089 726 1154 poemata
743 1085 832 1140 mirer.
860 1132 863 1135 Α

131 1161 202 1229 Ergo
219 1178 274 1215 non
291 1162 358 1216 satis
376 1165 419 1216 est
436 1163 493 1215 risu
511 1158 644 1215 diducere
661 1161 762 1215 rictum
924 1214 927 1219 ,

130 1237 275 1291 Auditoris
294 1240 333 1305 (et
349 1241 393 1291 est
411 1231 546 1307 quaedam
564 1241 657 1291 tamen
673 1237 718 1291 hic
735 1253 845 1306 quoque
862 1236 968 1302 virtus).

130 1311 181 1364 ‚list
198 1312 333 1367 brevitate
351 1330 426 1383 opus,
443 1318 478 1369 ut
493 1318 585 1369 currat
603 1313 739 1367 sententia
756 1329 811 1366 neu
827 1329 858 1367 se

131 1386 269 1455 Impediat
286 1388 378 1442 verbis
395 1389 481 1444 lassas
498 1390 677 1445 onerantibus
693 1405 789 1453 aures3
962 1402 987 1444 lc

130 1461 167 1515 Iit
182 1471 308 1523 sermone
326 1481 394 1532 opus
412 1469 455 1519 est
472 1466 554 1520 modo
572 1466 648 1519 tristi
665 1480 746 1533 saepe
759 1463 861 1531 jocoso,

131 1535 303 1592 Defendente
320 1538 408 1592 vicem
426 1541 507 1593 modo
524 1541 644 1595 rhetoris
661 1543 746 1607 atque
762 1543 868 1608 poetae,

130 1611 276 1666 Interdum
294 1614 399 1681 urbani,
417 1615 554 1683 parcentis
572 1615 676 1668 viribus
692 1618 777 1683 atque

130 1687 311 1743 Extenuantis
328 1706 375 1744 eas
393 1690 522 1745 consulto.
560 1690 717 1744 Ridiculum
734 1690 791 1743 acri

130 1762 239 1819 Fortius
255 1765 286 1819 ct
302 1765 399 1820 melius
416 1782 529 1835 magnas
548 1766 711 1835 plerumque
729 1769 804 1820 secat
820 1782 872 1821 rea
960 1779 985 1821 15

130 1840 176 1894 Illi
194 1842 295 1911 scripta
312 1842 412 1910 quibus
429 1841 572 1896 comoedia
589 1842 679 1911 prisca
695 1842 761 1900 viris
778 1846 822 1896 est

130 1915 192 1971 Hoc
209 1918 326 1986 stabant,
336 1918 394 1972 'hoc
412 1921 476 1971 sunt
493 1917 636 1983 imitandi3
655 1934 723 1986 quos
739 1934 829 1986 neque
846 1916 960 1986 pulcher

130 1991 318 2061 Hermogenes
334 2009 455 2063 unquam
472 1992 541 2060 legit
557 1993 762 2065 neque-simius
779 1994 833 2047 iste

128 2066 177 2121 Nil
193 2074 304 2138 praeter
322 2069 435 2124 Calvum
451 2072 482 2123 et
500 2069 597 2122 doctus
615 2072 726 2122 cantare
744 2069 890 2124 Catullum.

128 2137 192 2196 “At
209 2160 336 2211 magnum
355 2145 419 2198 lecit
437 2145 512 2213 quod
528 2143 621 2197 verbis
639 2144 744 2198 Graeca
762 2144 867 2199 Latinis
959 2160 984 2199 ec

128 2217 261 2271 Miscuit?
296 2219 391 2271 Oseri
411 2218 577 2272 studiorum!
597 2219 680 2285 quiue
697 2219 801 2285 putetis

128 2292 243 2346 Difficile
261 2293 291 2346 et
308 2292 408 2345 mirum
426 2292 533 2345 Rhodio
551 2293 627 2360 quod
645 2291 813 2346 Pitholeonti

128 2367 267 2436 Contigitl
303 2367 367 2420 “At
384 2383 473 2420 sermo
490 2367 583 2435 lingua
600 2367 747 2419 concinnus
763 2371 881 2435 utraque

127 2443 246 2510 Suavion
264 2445 297 2496 ut
314 2442 383 2496 chio
400 2445 466 2497 nota
482 2442 506 2496 si
523 2441 671 2496 commixta
690 2442 799 2495 Falerni
817 2442 883 2496 est'’

127 2518 196 2572 eum
213 2534 308 2572 versus
324 2517 415 2585 facias,
433 2522 463 2573 11
479 2519 570 2588 ipsum
587 2522 740 2587 percontor,
758 2535 793 2571 an
811 2523 920 2580 etcum
953 2535 979 2575 25

126 2592 203 2647 Dura
220 2593 272 2647 tibi
288 2594 447 2662 peragenda
463 2595 504 2648 rei
521 2594 558 2648 sit
575 2610 656 2648 musa
674 2595 787 2649 Petillii

125 2669 234 2722 Scilicet
251 2668 352 2722 oblitus
369 2670 529 2740 patriaeque
545 2671 696 2740 patrisque,
715 2671 813 2725 Latine

125 2744 195 2798 (lum
213 2744 315 2798 Pedius
332 2761 427 2799 causas
444 2746 562 2801 exsudet
580 2746 717 2815 Poplicola
733 2751 818 2816 atque

125 2820 265 2890 Corvinus,
282 2821 379 2890 patriis
396 2821 584 2877 intermiscere
600 2823 690 2891 petita

123 2894 218 2951 Verba
234 2897 300 2950 foris
317 2897 402 2964 malis,
421 2898 549 2953 Canusini
566 2914 643 2951 more
660 2898 807 2965 bilinguis?
950 2914 976 2953 au

123 2974 218 3042 Atque
236 2990 287 3042 ego
305 2991 366 3027 cum
385 2975 503 3028 Graecos
520 2974 638 3028 facerem
655 2977 736 3028 natus
754 2991 829 3028 mare
846 2974 916 3029 citra
1018 3029 1020 3032 .

42 3107 45 3112 ⁴
122 3046 285 3116 Versiculos,
303 3050 393 3104 vetuit
409 3067 454 3105 me
471 3050 519 3104 tali
536 3066 602 3103 voce
621 3049 758 3116 Quirinus,

122 3117 189 3176 Post
206 3124 326 3179 mediam
343 3129 451 3180 noctem
469 3126 543 3179 visus
560 3141 622 3178 cum
640 3125 744 3176 somnia
760 3139 839 3178 vera:

121 3190 136 3220 ¹‘
143 3194 178 3249 In
196 3198 291 3253 silvam
309 3217 364 3254 non
381 3201 456 3270 ligna
472 3202 545 3255 feras
562 3200 683 3253 insanius
700 3197 772 3253 acsi
