2275 3550
434 205 639 254 oAnMINUM
656 204 680 253 Ι.
700 205 738 256 17.

295 291 404 343 Stetere
422 303 519 340 causae
537 303 587 340 cur
603 286 727 354 perirent

330 361 467 416 Funditus
484 363 712 432 imprimeretque
730 368 815 418 muris

262 437 371 492 Hostile
389 438 511 492 aratrum
528 440 666 493 exercitus
684 439 811 492 insolens.

262 514 410 581 Compesce
428 517 566 569 mentem:
585 532 629 569 mc
648 532 757 584 quoque
776 518 893 582 pectoris

297 591 425 644 'lentavit
442 591 471 644 in
489 589 562 643 dulci
575 589 693 657 juvente

332 666 436 719 Feruor
453 670 482 720 et
499 666 528 719 in
546 666 650 719 celeres
667 666 774 719 iambos

262 740 340 794 Misit
357 738 508 805 furentem3
526 757 598 793 nunc
616 756 666 807 ego
684 740 795 793 mitibus
865 761 868 765 ¹

262 814 372 869 Mutare
390 832 491 884 quaero
508 815 607 881 tristia,
626 815 693 868 dum
711 815 779 867 milri

297 890 362 944 rias
379 880 632 944 recantatis'anrica

331 965 492 1034 Opprobriis
508 963 685 1034 animumque
703 965 810 1019 reddas.

538 1107 635 1161 XVII.

262 1191 363 1243 Venox
380 1205 531 1242 amoenum*
541 1205 624 1257 saepe
642 1188 806 1244 Lucretilem

262 1266 355 1319 Mutat
373 1265 477 1331 Lycaeo
496 1264 607 1316 Faunus
625 1268 655 1317 et
672 1264 781 1330 igneam

297 1339 430 1393 Defendit
447 1341 581 1392 aestatem
599 1338 709 1406 capellis

332 1414 428 1482 Usque
445 1413 515 1467 meis
532 1413 692 1482 pluviosque
711 1418 814 1470 ventos.

263 1490 380 1559 Impune
397 1492 490 1543 tutum
507 1506 558 1559 per
575 1506 671 1543 nemus
688 1490 801 1545 arbutos

262 1565 404 1632 Quaerunt
420 1565 540 1619 latentes
557 1568 587 1619 et
604 1566 698 1633 thyma
715 1566 808 1621 deviae

297 1642 403 1695 Olentis
421 1657 520 1694 uxores
537 1641 637 1707 mariti,

330 1717 390 1770 Nec
407 1715 509 1769 virides
526 1720 655 1770 metuunt
672 1716 796 1771 colubras

262 1793 322 1846 Nec
339 1792 480 1845 Martiales
499 1792 644 1846 Haediliac
662 1792 748 1860 lupos,

262 1868 409 1935 Utcunque
427 1868 508 1934 dulci,
526 1867 652 1935 Tyndari,
670 1868 762 1921 fistula

296 1944 390 1996 Valles
408 1947 438 1996 et
455 1942 568 1995 Usticae
586 1942 711 1995 cubantis

330 2017 415 2071 Levia
431 2032 596 2084 personuere
615 2033 687 2071 saxa

264 2091 299 2146 Di
317 2109 362 2145 me
379 2095 500 2158 tuentur,
518 2090 561 2144 dis
579 2092 668 2159 pietas
685 2108 748 2147 mea

264 2167 300 2222 ut
319 2168 399 2220 Musa
415 2166 491 2220 cordi
510 2170 560 2221 est.
596 2167 651 2220 Hic
668 2167 720 2220 tibi
738 2174 814 2236 copia

295 2242 420 2297 Manebit
437 2241 602 2311 adplenum
620 2242 738 2310 benigno

331 2318 413 2379 Ruris
431 2318 564 2371 honorum
581 2319 709 2385 opulenta
727 2334 814 2373 cornu

262 2393 316 2448 Hic
333 2394 362 2446 in
379 2392 494 2446 reducta
510 2393 581 2446 vallo
599 2393 743 2447 Uauiculac

263 2469 370 2523 Vitabis
387 2473 479 2522 aestus
497 2471 526 2522 et
543 2469 600 2540 fide
617 2469 685 2521 Teia

295 2544 377 2597 Dices
395 2543 551 2597 laborantes
569 2544 598 2597 in
616 2560 670 2596 uno

330 2619 484 2687 Penelopen
502 2619 671 2687 vitreamque
689 2618 802 2685 Circen3

262 2693 317 2748 Hic
334 2694 484 2747 innocentis
502 2694 598 2762 pocula
616 2693 709 2746 Lesbii

262 2772 352 2825 moes
370 2769 421 2823 sub
437 2769 543 2837 umbra,
561 2785 612 2821 nec
631 2769 782 2822 Semeleius

297 2844 366 2899 Uunr
385 2844 477 2897 Marte
494 2843 643 2898 confundet
660 2844 802 2912 Thyoneus

331 2918 446 2985 Proelia,
465 2935 514 2973 nec
530 2922 638 2973 metues
655 2923 811 2988 protervum

263 2991 394 3061 Suspecta
413 2993 520 3061 Cyrum,
539 3010 575 3046 ne
592 2995 663 3048 male
680 2995 783 3062 dispari

262 3066 468 3122 Incorrtinentes
485 3069 590 3137 injiciat
607 3086 703 3123 manus

297 3143 457 3199 discindat
476 3145 635 3199 haerentem
653 3160 779 3197 coronam

331 3217 458 3272 Crinibus
475 3220 695 3288 immeritamque
713 3223 824 3274 vestem.

957 362 1014 426 ¹ao
