<?xml version="1.0" encoding="UTF-8"?>
<!DOCTYPE html PUBLIC "-//W3C//DTD XHTML 1.0 Transitional//EN"
    "http://www.w3.org/TR/xhtml1/DTD/xhtml1-transitional.dtd">
<html xmlns="http://www.w3.org/1999/xhtml" xml:lang="en" lang="en">
 <head>
  <title>
</title>
<meta http-equiv="Content-Type" content="text/html;charset=utf-8" />
  <meta name='ocr-system' content='tesseract 3.04.00' />
  <meta name='ocr-capabilities' content='ocr_page ocr_carea ocr_par ocr_line ocrx_word'/>
</head>
<body>
  <div class='ocr_page' id='page_1' title='image "./quintihoraticfl00maclgoog_0172.png"; bbox 0 0 2275 3550; ppageno 0'>
   <div class='ocr_carea' id='block_1_1' title="bbox 118 198 698 263">
    <p class='ocr_par' dir='ltr' id='par_1_1' title="bbox 118 198 698 263">
     <span class='ocr_line' id='line_1_1' title="bbox 118 198 698 263; baseline -0.009 -1"><span class='ocrx_word' id='word_1_1' title='bbox 118 212 165 263; x_wconf 79' lang='lat' dir='ltr'><strong>no</strong></span> <span class='ocrx_word' id='word_1_2' title='bbox 283 198 287 204; x_wconf 87' lang='lat'><em>&#39;</em></span> <span class='ocrx_word' id='word_1_3' title='bbox 394 208 550 258; x_wconf 73' lang='lat' dir='ltr'><strong>nonam</strong></span> <span class='ocrx_word' id='word_1_4' title='bbox 566 208 698 258; x_wconf 81' lang='lat' dir='ltr'><strong>rancor</strong></span> 
     </span>
    </p>
   </div>
   <div class='ocr_carea' id='block_1_2' title="bbox 114 279 1036 3297">
    <p class='ocr_par' dir='ltr' id='par_1_2' title="bbox 115 279 792 356">
     <span class='ocr_line' id='line_1_2' title="bbox 115 279 792 356; baseline -0.006 -11"><span class='ocrx_word' id='word_1_5' title='bbox 115 290 159 345; x_wconf 80' lang='lat' dir='ltr'><strong>Tu</strong></span> <span class='ocrx_word' id='word_1_6' title='bbox 175 305 266 345; x_wconf 85' lang='lat' dir='ltr'><strong>eomes</strong></span> <span class='ocrx_word' id='word_1_7' title='bbox 283 290 403 345; x_wconf 79' lang='lat' dir='ltr'><strong>exterior</strong></span> <span class='ocrx_word' id='word_1_8' title='bbox 420 289 444 342; x_wconf 90' lang='lat' dir='ltr'><strong>si</strong></span> <span class='ocrx_word' id='word_1_9' title='bbox 460 288 583 356; x_wconf 86' lang='lat' dir='ltr'><strong>postulet</strong></span> <span class='ocrx_word' id='word_1_10' title='bbox 600 279 642 342; x_wconf 80' lang='lat' dir='ltr'><strong>ire</strong></span> <span class='ocrx_word' id='word_1_11' title='bbox 659 287 792 343; x_wconf 61' lang='lat' dir='ltr'><strong>recuses?</strong></span> 
     </span>
    </p>

    <p class='ocr_par' dir='ltr' id='par_1_3' title="bbox 117 363 973 508">
     <span class='ocr_line' id='line_1_3' title="bbox 117 363 973 436; baseline 0.001 -17"><span class='ocrx_word' id='word_1_12' title='bbox 117 366 215 420; x_wconf 89' lang='lat' dir='ltr'><strong>“Utne</strong></span> <span class='ocrx_word' id='word_1_13' title='bbox 232 368 325 434; x_wconf 81' lang='lat' dir='ltr'><strong>tegam</strong></span> <span class='ocrx_word' id='word_1_14' title='bbox 343 380 440 433; x_wconf 85' lang='lat' dir='ltr'><strong>spurco</strong></span> <span class='ocrx_word' id='word_1_15' title='bbox 458 364 563 419; x_wconf 87' lang='lat' dir='ltr'><strong>Damae</strong></span> <span class='ocrx_word' id='word_1_16' title='bbox 580 364 673 418; x_wconf 81' lang='lat' dir='ltr'><strong>latusi</strong></span> <span class='ocrx_word' id='word_1_17' title='bbox 708 363 794 417; x_wconf 87' lang='lat' dir='ltr'><strong>Haud</strong></span> <span class='ocrx_word' id='word_1_18' title='bbox 811 364 852 418; x_wconf 89' lang='lat' dir='ltr'><strong>ita</strong></span> <span class='ocrx_word' id='word_1_19' title='bbox 869 366 973 436; x_wconf 81' lang='lat' dir='ltr'><strong>Trojae</strong></span> 
     </span>
     <span class='ocr_line' id='line_1_4' title="bbox 118 439 837 508; baseline 0 -15"><span class='ocrx_word' id='word_1_20' title='bbox 118 441 164 494; x_wconf 93' lang='lat' dir='ltr'><strong>Me</strong></span> <span class='ocrx_word' id='word_1_21' title='bbox 181 440 253 508; x_wconf 80' lang='lat' dir='ltr'>gessi</span> <span class='ocrx_word' id='word_1_22' title='bbox 270 443 382 496; x_wconf 86' lang='lat' dir='ltr'><strong>certans</strong></span> <span class='ocrx_word' id='word_1_23' title='bbox 399 456 507 507; x_wconf 83' lang='lat' dir='ltr'>semper</span> <span class='ocrx_word' id='word_1_24' title='bbox 524 439 705 493; x_wconf 88' lang='lat' dir='ltr'><strong>melioribus.”</strong></span> <span class='ocrx_word' id='word_1_25' title='bbox 741 439 837 507; x_wconf 81' lang='lat' dir='ltr'><strong>“Ergo</strong></span> 
     </span>
    </p>

    <p class='ocr_par' dir='ltr' id='par_1_4' title="bbox 117 514 971 659">
     <span class='ocr_line' id='line_1_5' title="bbox 117 514 971 584; baseline 0.005 -15"><span class='ocrx_word' id='word_1_26' title='bbox 117 515 226 584; x_wconf 78' lang='lat' dir='ltr'><strong>Pauper</strong></span> <span class='ocrx_word' id='word_1_27' title='bbox 237 516 313 570; x_wconf 85' lang='lat' dir='ltr'><strong>eris.&#39;&#39;</strong></span> <span class='ocrx_word' id='word_1_28' title='bbox 342 516 357 544; x_wconf 88' lang='lat'>“</span> <span class='ocrx_word' id='word_1_29' title='bbox 365 516 476 569; x_wconf 81' lang='lat' dir='ltr'><strong>Fortem</strong></span> <span class='ocrx_word' id='word_1_30' title='bbox 488 516 540 569; x_wconf 88' lang='lat' dir='ltr'><strong>hoc</strong></span> <span class='ocrx_word' id='word_1_31' title='bbox 550 514 670 568; x_wconf 87' lang='lat' dir='ltr'><strong>animum</strong></span> <span class='ocrx_word' id='word_1_32' title='bbox 681 514 802 568; x_wconf 86' lang='lat' dir='ltr'><strong>tolerare</strong></span> <span class='ocrx_word' id='word_1_33' title='bbox 809 514 915 583; x_wconf 91' lang='lat' dir='ltr'><strong>jubebo</strong></span> <span class='ocrx_word' id='word_1_34' title='bbox 921 536 930 583; x_wconf 78' lang='lat'>3</span> <span class='ocrx_word' id='word_1_35' title='bbox 944 532 971 573; x_wconf 77' lang='lat' dir='ltr'><strong>ro</strong></span> 
     </span>
     <span class='ocr_line' id='line_1_6' title="bbox 117 589 818 659; baseline -0.001 -14"><span class='ocrx_word' id='word_1_36' title='bbox 117 591 155 645; x_wconf 83' lang='lat' dir='ltr'><strong>Et</strong></span> <span class='ocrx_word' id='word_1_37' title='bbox 171 591 308 659; x_wconf 90' lang='lat' dir='ltr'><strong>quondam</strong></span> <span class='ocrx_word' id='word_1_38' title='bbox 325 590 432 659; x_wconf 89' lang='lat' dir='ltr'><strong>majora</strong></span> <span class='ocrx_word' id='word_1_39' title='bbox 448 590 507 644; x_wconf 82' lang='lat' dir='ltr'><strong>tuli.</strong></span> <span class='ocrx_word' id='word_1_40' title='bbox 542 590 585 643; x_wconf 81' lang='lat' dir='ltr'><strong>&#39;Pu</strong></span> <span class='ocrx_word' id='word_1_41' title='bbox 601 589 725 658; x_wconf 90' lang='lat' dir='ltr'><strong>protinus</strong></span> <span class='ocrx_word' id='word_1_42' title='bbox 742 590 818 644; x_wconf 89' lang='lat' dir='ltr'><strong>unde</strong></span> 
     </span>
    </p>

    <p class='ocr_par' dir='ltr' id='par_1_5' title="bbox 115 665 804 735">
     <span class='ocr_line' id='line_1_7' title="bbox 115 665 804 735; baseline -0.001 -16"><span class='ocrx_word' id='word_1_43' title='bbox 115 665 233 729; x_wconf 84' lang='lat' dir='ltr'><strong>Divitias</strong></span> <span class='ocrx_word' id='word_1_44' title='bbox 251 666 377 735; x_wconf 87' lang='lat' dir='ltr'><strong>aerisque</strong></span> <span class='ocrx_word' id='word_1_45' title='bbox 394 682 473 719; x_wconf 88' lang='lat' dir='ltr'><strong>ruam</strong></span> <span class='ocrx_word' id='word_1_46' title='bbox 490 665 542 732; x_wconf 86' lang='lat' dir='ltr'><strong>dic,</strong></span> <span class='ocrx_word' id='word_1_47' title='bbox 560 681 655 732; x_wconf 79' lang='lat' dir='ltr'><strong>augur,</strong></span> <span class='ocrx_word' id='word_1_48' title='bbox 672 665 804 719; x_wconf 66' lang='lat' dir='ltr'><strong>acervos?</strong></span> 
     </span>
    </p>

    <p class='ocr_par' dir='ltr' id='par_1_6' title="bbox 116 740 973 1034">
     <span class='ocr_line' id='line_1_8' title="bbox 116 740 843 810; baseline 0.003 -16"><span class='ocrx_word' id='word_1_49' title='bbox 116 741 197 794; x_wconf 83' lang='lat' dir='ltr'>“Dixi</span> <span class='ocrx_word' id='word_1_50' title='bbox 215 741 344 809; x_wconf 84' lang='lat' dir='ltr'>equidem</span> <span class='ocrx_word' id='word_1_51' title='bbox 362 743 392 795; x_wconf 88' lang='lat' dir='ltr'><strong>et</strong></span> <span class='ocrx_word' id='word_1_52' title='bbox 410 740 484 795; x_wconf 88' lang='lat' dir='ltr'><strong>dico:</strong></span> <span class='ocrx_word' id='word_1_53' title='bbox 503 743 597 808; x_wconf 86' lang='lat' dir='ltr'><strong>captes</strong></span> <span class='ocrx_word' id='word_1_54' title='bbox 615 743 723 794; x_wconf 83' lang='lat' dir='ltr'><strong>astutus</strong></span> <span class='ocrx_word' id='word_1_55' title='bbox 740 740 843 810; x_wconf 85' lang='lat' dir='ltr'><strong>ubique</strong></span> 
     </span>
     <span class='ocr_line' id='line_1_9' title="bbox 116 815 848 883; baseline 0.001 -14"><span class='ocrx_word' id='word_1_56' title='bbox 116 815 291 870; x_wconf 74' lang='lat' dir='ltr'><strong>Testamenta</strong></span> <span class='ocrx_word' id='word_1_57' title='bbox 309 832 412 883; x_wconf 86' lang='lat' dir='ltr'><strong>senum,</strong></span> <span class='ocrx_word' id='word_1_58' title='bbox 430 832 491 881; x_wconf 90' lang='lat' dir='ltr'><strong>neu,</strong></span> <span class='ocrx_word' id='word_1_59' title='bbox 509 815 533 867; x_wconf 86' lang='lat' dir='ltr'><strong>si</strong></span> <span class='ocrx_word' id='word_1_60' title='bbox 549 815 626 869; x_wconf 82' lang='lat' dir='ltr'><strong>vafer</strong></span> <span class='ocrx_word' id='word_1_61' title='bbox 642 830 713 868; x_wconf 86' lang='lat' dir='ltr'><strong>unus</strong></span> <span class='ocrx_word' id='word_1_62' title='bbox 729 819 760 869; x_wconf 87' lang='lat' dir='ltr'><strong>ct</strong></span> <span class='ocrx_word' id='word_1_63' title='bbox 777 816 848 871; x_wconf 86' lang='lat' dir='ltr'><strong>alter</strong></span> 
     </span>
     <span class='ocr_line' id='line_1_10' title="bbox 116 890 973 960; baseline -0.002 -15"><span class='ocrx_word' id='word_1_64' title='bbox 116 892 310 946; x_wconf 73' lang='lat' dir='ltr'><strong>insidiatorem</strong></span> <span class='ocrx_word' id='word_1_65' title='bbox 327 907 456 960; x_wconf 90' lang='lat' dir='ltr'><strong>praeroso</strong></span> <span class='ocrx_word' id='word_1_66' title='bbox 473 891 576 958; x_wconf 81' lang='lat' dir='ltr'><strong>fugerit</strong></span> <span class='ocrx_word' id='word_1_67' title='bbox 592 890 681 959; x_wconf 89' lang='lat' dir='ltr'><strong>hamo,</strong></span> <span class='ocrx_word' id='word_1_68' title='bbox 949 913 973 952; x_wconf 72' lang='lat'><strong>25</strong></span> 
     </span>
     <span class='ocr_line' id='line_1_11' title="bbox 117 966 831 1034; baseline 0.004 -14"><span class='ocrx_word' id='word_1_69' title='bbox 117 968 176 1022; x_wconf 82' lang='lat' dir='ltr'><strong>Aut</strong></span> <span class='ocrx_word' id='word_1_70' title='bbox 194 983 270 1034; x_wconf 89' lang='lat' dir='ltr'><strong>spem</strong></span> <span class='ocrx_word' id='word_1_71' title='bbox 288 967 408 1034; x_wconf 83' lang='lat' dir='ltr'><strong>deponas</strong></span> <span class='ocrx_word' id='word_1_72' title='bbox 425 968 474 1020; x_wconf 89' lang='lat' dir='ltr'><strong>aut</strong></span> <span class='ocrx_word' id='word_1_73' title='bbox 491 969 581 1020; x_wconf 78' lang='lat' dir='ltr'><strong>ortem</strong></span> <span class='ocrx_word' id='word_1_74' title='bbox 599 966 696 1021; x_wconf 87' lang='lat' dir='ltr'><strong>illusus</strong></span> <span class='ocrx_word' id='word_1_75' title='bbox 713 968 831 1023; x_wconf 76' lang='lat' dir='ltr'><strong>omittas</strong></span> 
     </span>
    </p>

    <p class='ocr_par' dir='ltr' id='par_1_7' title="bbox 116 1041 796 1111">
     <span class='ocr_line' id='line_1_12' title="bbox 116 1041 796 1111; baseline 0.001 -16"><span class='ocrx_word' id='word_1_76' title='bbox 116 1041 217 1111; x_wconf 76' lang='lat' dir='ltr'><strong>Magna</strong></span> <span class='ocrx_word' id='word_1_77' title='bbox 234 1043 356 1095; x_wconf 87' lang='lat' dir='ltr'><strong>minorve</strong></span> <span class='ocrx_word' id='word_1_78' title='bbox 373 1042 432 1095; x_wconf 90' lang='lat' dir='ltr'><strong>foro</strong></span> <span class='ocrx_word' id='word_1_79' title='bbox 450 1041 474 1095; x_wconf 93' lang='lat' dir='ltr'><strong>si</strong></span> <span class='ocrx_word' id='word_1_80' title='bbox 491 1057 536 1094; x_wconf 89' lang='lat' dir='ltr'><strong>res</strong></span> <span class='ocrx_word' id='word_1_81' title='bbox 553 1041 707 1096; x_wconf 75' lang='lat' dir='ltr'><strong>certabitur</strong></span> <span class='ocrx_word' id='word_1_82' title='bbox 723 1043 796 1110; x_wconf 89' lang='lat' dir='ltr'><strong>olim,</strong></span> 
     </span>
    </p>

    <p class='ocr_par' dir='ltr' id='par_1_8' title="bbox 116 1116 848 1186">
     <span class='ocr_line' id='line_1_13' title="bbox 116 1116 848 1186; baseline 0.003 -16"><span class='ocrx_word' id='word_1_83' title='bbox 116 1117 200 1171; x_wconf 87' lang='lat' dir='ltr'><strong>Vivet</strong></span> <span class='ocrx_word' id='word_1_84' title='bbox 217 1120 281 1172; x_wconf 90' lang='lat' dir='ltr'><strong>uter</strong></span> <span class='ocrx_word' id='word_1_85' title='bbox 298 1117 419 1186; x_wconf 77' lang='lat' dir='ltr'><strong>locuples</strong></span> <span class='ocrx_word' id='word_1_86' title='bbox 436 1116 494 1171; x_wconf 90' lang='lat' dir='ltr'><strong>sine</strong></span> <span class='ocrx_word' id='word_1_87' title='bbox 511 1117 592 1185; x_wconf 87' lang='lat' dir='ltr'><strong>natis,</strong></span> <span class='ocrx_word' id='word_1_88' title='bbox 609 1116 757 1185; x_wconf 85' lang='lat' dir='ltr'><strong>improbus,</strong></span> <span class='ocrx_word' id='word_1_89' title='bbox 774 1118 848 1172; x_wconf 86' lang='lat' dir='ltr'><strong>ultro</strong></span> 
     </span>
    </p>

    <p class='ocr_par' dir='ltr' id='par_1_9' title="bbox 115 1191 1036 1561">
     <span class='ocr_line' id='line_1_14' title="bbox 117 1191 865 1260; baseline 0.001 -14"><span class='ocrx_word' id='word_1_90' title='bbox 117 1192 169 1253; x_wconf 85' lang='lat' dir='ltr'><strong>Qui</strong></span> <span class='ocrx_word' id='word_1_91' title='bbox 187 1193 328 1255; x_wconf 86' lang='lat' dir='ltr'><strong>meliorem</strong></span> <span class='ocrx_word' id='word_1_92' title='bbox 344 1193 435 1246; x_wconf 86' lang='lat' dir='ltr'><strong>audax</strong></span> <span class='ocrx_word' id='word_1_93' title='bbox 452 1195 531 1247; x_wconf 82' lang='lat' dir='ltr'><strong>vocet</strong></span> <span class='ocrx_word' id='word_1_94' title='bbox 547 1192 576 1245; x_wconf 92' lang='lat' dir='ltr'><strong>in</strong></span> <span class='ocrx_word' id='word_1_95' title='bbox 590 1191 645 1260; x_wconf 89' lang='lat' dir='ltr'><strong>jus,</strong></span> <span class='ocrx_word' id='word_1_96' title='bbox 663 1192 736 1245; x_wconf 90' lang='lat' dir='ltr'><strong>illius</strong></span> <span class='ocrx_word' id='word_1_97' title='bbox 753 1196 814 1247; x_wconf 87' lang='lat' dir='ltr'><strong>esto</strong></span> <span class='ocrx_word' id='word_1_98' title='bbox 862 1232 865 1237; x_wconf 88' lang='lat'>-</span> 
     </span>
     <span class='ocr_line' id='line_1_15' title="bbox 117 1267 972 1336; baseline 0.005 -16"><span class='ocrx_word' id='word_1_99' title='bbox 117 1267 265 1334; x_wconf 85' lang='lat' dir='ltr'><strong>Defensor;</strong></span> <span class='ocrx_word' id='word_1_100' title='bbox 282 1269 356 1322; x_wconf 82' lang='lat' dir='ltr'><strong>fama</strong></span> <span class='ocrx_word' id='word_1_101' title='bbox 373 1269 461 1322; x_wconf 83' lang='lat' dir='ltr'><strong>civem</strong></span> <span class='ocrx_word' id='word_1_102' title='bbox 478 1284 615 1336; x_wconf 85' lang='lat' dir='ltr'><strong>causaque</strong></span> <span class='ocrx_word' id='word_1_103' title='bbox 631 1267 752 1336; x_wconf 79' lang='lat' dir='ltr'><strong>priorem</strong></span> <span class='ocrx_word' id='word_1_104' title='bbox 882 1332 884 1335; x_wconf 23' lang='lat'>¹</span> <span class='ocrx_word' id='word_1_105' title='bbox 947 1285 972 1324; x_wconf 83' lang='lat' dir='ltr'><strong>so</strong></span> 
     </span>
     <span class='ocr_line' id='line_1_16' title="bbox 117 1342 828 1412; baseline 0.004 -17"><span class='ocrx_word' id='word_1_106' title='bbox 117 1342 230 1410; x_wconf 83' lang='lat' dir='ltr'><strong>Sperne,</strong></span> <span class='ocrx_word' id='word_1_107' title='bbox 248 1343 323 1396; x_wconf 91' lang='lat' dir='ltr'><strong>domi</strong></span> <span class='ocrx_word' id='word_1_108' title='bbox 341 1344 365 1397; x_wconf 94' lang='lat' dir='ltr'><strong>si</strong></span> <span class='ocrx_word' id='word_1_109' title='bbox 382 1347 465 1397; x_wconf 88' lang='lat' dir='ltr'><strong>natus</strong></span> <span class='ocrx_word' id='word_1_110' title='bbox 482 1344 537 1398; x_wconf 88' lang='lat' dir='ltr'><strong>erit</strong></span> <span class='ocrx_word' id='word_1_111' title='bbox 553 1342 704 1397; x_wconf 81' lang='lat' dir='ltr'><strong>fecundave</strong></span> <span class='ocrx_word' id='word_1_112' title='bbox 720 1344 828 1412; x_wconf 63' lang='lat' dir='ltr'><strong>conjux„</strong></span> 
     </span>
     <span class='ocr_line' id='line_1_17' title="bbox 115 1418 1036 1488; baseline 0.003 -17"><span class='ocrx_word' id='word_1_113' title='bbox 115 1418 248 1487; x_wconf 68' lang='lat' dir='ltr'><strong>‘Quinta&#39;</strong></span> <span class='ocrx_word' id='word_1_114' title='bbox 257 1422 332 1488; x_wconf 88' lang='lat' dir='ltr'><strong>pnta,</strong></span> <span class='ocrx_word' id='word_1_115' title='bbox 344 1421 393 1473; x_wconf 91' lang='lat' dir='ltr'><strong>aut</strong></span> <span class='ocrx_word' id='word_1_116' title='bbox 404 1418 514 1484; x_wconf 75' lang='lat' dir='ltr'><strong>‘Publi&#39;</strong></span> <span class='ocrx_word' id='word_1_117' title='bbox 527 1418 659 1487; x_wconf 86' lang='lat' dir='ltr'><strong>(gaudent</strong></span> <span class='ocrx_word' id='word_1_118' title='bbox 669 1420 847 1488; x_wconf 87' lang='lat' dir='ltr'><strong>praenomine</strong></span> <span class='ocrx_word' id='word_1_119' title='bbox 857 1420 953 1474; x_wconf 88' lang='lat' dir='ltr'><strong>molles</strong></span> <span class='ocrx_word' id='word_1_120' title='bbox 1033 1431 1036 1439; x_wconf 93' lang='grc'><strong>’</strong></span> 
     </span>
     <span class='ocr_line' id='line_1_18' title="bbox 116 1493 824 1561; baseline 0.003 -15"><span class='ocrx_word' id='word_1_121' title='bbox 116 1493 273 1558; x_wconf 86' lang='lat' dir='ltr'><strong>Auriculae)</strong></span> <span class='ocrx_word' id='word_1_122' title='bbox 292 1493 360 1546; x_wconf 87' lang='lat' dir='ltr'><strong>‘tibi</strong></span> <span class='ocrx_word' id='word_1_123' title='bbox 377 1509 422 1547; x_wconf 92' lang='lat' dir='ltr'><strong>me</strong></span> <span class='ocrx_word' id='word_1_124' title='bbox 439 1494 526 1546; x_wconf 85' lang='lat' dir='ltr'><strong>virtus</strong></span> <span class='ocrx_word' id='word_1_125' title='bbox 543 1498 593 1547; x_wconf 85' lang='lat' dir='ltr'><strong>tua</strong></span> <span class='ocrx_word' id='word_1_126' title='bbox 609 1494 675 1548; x_wconf 86' lang='lat' dir='ltr'><strong>feeit</strong></span> <span class='ocrx_word' id='word_1_127' title='bbox 692 1494 824 1561; x_wconf 85' lang='lat' dir='ltr'><strong>amicum3</strong></span> 
     </span>
    </p>

    <p class='ocr_par' dir='ltr' id='par_1_10' title="bbox 114 1568 798 1638">
     <span class='ocr_line' id='line_1_19' title="bbox 114 1568 798 1638; baseline 0.006 -18"><span class='ocrx_word' id='word_1_128' title='bbox 114 1568 168 1621; x_wconf 84' lang='lat' dir='ltr'><strong>Jus</strong></span> <span class='ocrx_word' id='word_1_129' title='bbox 185 1584 286 1637; x_wconf 84' lang='lat' dir='ltr'><strong>anceps</strong></span> <span class='ocrx_word' id='word_1_130' title='bbox 304 1568 374 1634; x_wconf 84' lang='lat' dir='ltr'><strong>novi,</strong></span> <span class='ocrx_word' id='word_1_131' title='bbox 393 1585 489 1622; x_wconf 85' lang='lat' dir='ltr'><strong>causas</strong></span> <span class='ocrx_word' id='word_1_132' title='bbox 506 1569 657 1624; x_wconf 84' lang='lat' dir='ltr'><strong>defendere</strong></span> <span class='ocrx_word' id='word_1_133' title='bbox 673 1586 798 1638; x_wconf 85' lang='lat' dir='ltr'><strong>possum3</strong></span> 
     </span>
    </p>

    <p class='ocr_par' dir='ltr' id='par_1_11' title="bbox 114 1634 972 1946">
     <span class='ocr_line' id='line_1_20' title="bbox 115 1634 972 1716; baseline 0.008 -20"><span class='ocrx_word' id='word_1_134' title='bbox 115 1643 222 1712; x_wconf 83' lang='lat' dir='ltr'><strong>Eripiet</strong></span> <span class='ocrx_word' id='word_1_135' title='bbox 240 1644 328 1713; x_wconf 88' lang='lat' dir='ltr'><strong>quivis</strong></span> <span class='ocrx_word' id='word_1_136' title='bbox 346 1644 437 1697; x_wconf 88' lang='lat' dir='ltr'><strong>oculos</strong></span> <span class='ocrx_word' id='word_1_137' title='bbox 455 1644 536 1698; x_wconf 88' lang='lat' dir='ltr'><strong>citius</strong></span> <span class='ocrx_word' id='word_1_138' title='bbox 553 1634 628 1711; x_wconf 85' lang='lat' dir='ltr'><strong>mihi,</strong></span> <span class='ocrx_word' id='word_1_139' title='bbox 646 1663 728 1716; x_wconf 88' lang='lat' dir='ltr'><strong>quam</strong></span> <span class='ocrx_word' id='word_1_140' title='bbox 745 1650 775 1701; x_wconf 88' lang='lat' dir='ltr'><strong>te</strong></span> <span class='ocrx_word' id='word_1_141' title='bbox 946 1663 972 1703; x_wconf 77' lang='lat' dir='ltr'><strong>ss</strong></span> 
     </span>
     <span class='ocr_line' id='line_1_21' title="bbox 115 1718 968 1791; baseline 0.004 -17"><span class='ocrx_word' id='word_1_142' title='bbox 115 1718 310 1790; x_wconf 80' lang='lat' dir='ltr'><strong>Contemptum</strong></span> <span class='ocrx_word' id='word_1_143' title='bbox 327 1736 403 1775; x_wconf 88' lang='lat' dir='ltr'><strong>cassa</strong></span> <span class='ocrx_word' id='word_1_144' title='bbox 419 1736 489 1775; x_wconf 88' lang='lat' dir='ltr'><strong>nuce</strong></span> <span class='ocrx_word' id='word_1_145' title='bbox 506 1725 655 1791; x_wconf 89' lang='lat' dir='ltr'><strong>pauperet;</strong></span> <span class='ocrx_word' id='word_1_146' title='bbox 671 1722 738 1777; x_wconf 87' lang='lat' dir='ltr'><strong>haec</strong></span> <span class='ocrx_word' id='word_1_147' title='bbox 755 1739 817 1777; x_wconf 90' lang='lat' dir='ltr'><strong>mea</strong></span> <span class='ocrx_word' id='word_1_148' title='bbox 834 1737 899 1777; x_wconf 88' lang='lat' dir='ltr'><strong>cura</strong></span> <span class='ocrx_word' id='word_1_149' title='bbox 916 1725 968 1791; x_wconf 90' lang='lat' dir='ltr'><strong>est,</strong></span> 
     </span>
     <span class='ocr_line' id='line_1_22' title="bbox 114 1790 958 1868; baseline 0.001 -17"><span class='ocrx_word' id='word_1_150' title='bbox 114 1790 142 1851; x_wconf 85' lang='lat' dir='ltr'>N</span> <span class='ocrx_word' id='word_1_151' title='bbox 143 1812 159 1850; x_wconf 90' lang='lat' dir='ltr'><strong>e</strong></span> <span class='ocrx_word' id='word_1_152' title='bbox 177 1796 245 1865; x_wconf 90' lang='lat' dir='ltr'><strong>quid</strong></span> <span class='ocrx_word' id='word_1_153' title='bbox 261 1800 294 1851; x_wconf 92' lang='lat' dir='ltr'><strong>tu</strong></span> <span class='ocrx_word' id='word_1_154' title='bbox 310 1797 411 1865; x_wconf 85' lang='lat' dir='ltr'><strong>perdas</strong></span> <span class='ocrx_word' id='word_1_155' title='bbox 428 1813 484 1852; x_wconf 92' lang='lat' dir='ltr'><strong>neu</strong></span> <span class='ocrx_word' id='word_1_156' title='bbox 500 1797 538 1851; x_wconf 90' lang='lat' dir='ltr'><strong>sis</strong></span> <span class='ocrx_word' id='word_1_157' title='bbox 552 1797 646 1865; x_wconf 83' lang='lat' dir='ltr'><strong>jocua&#39;</strong></span> <span class='ocrx_word' id='word_1_158' title='bbox 683 1798 730 1852; x_wconf 89' lang='lat' dir='ltr'><strong>Ire</strong></span> <span class='ocrx_word' id='word_1_159' title='bbox 747 1798 858 1853; x_wconf 91' lang='lat' dir='ltr'><strong>domum</strong></span> <span class='ocrx_word' id='word_1_160' title='bbox 874 1802 958 1868; x_wconf 88' lang='lat' dir='ltr'><strong>atque</strong></span> 
     </span>
     <span class='ocr_line' id='line_1_23' title="bbox 116 1870 790 1946; baseline 0.007 -21"><span class='ocrx_word' id='word_1_161' title='bbox 116 1870 276 1946; x_wconf 66' lang='lat' dir='ltr'><strong>Pchulam</strong></span> <span class='ocrx_word' id='word_1_162' title='bbox 293 1889 390 1928; x_wconf 86' lang='lat' dir='ltr'><strong>curare</strong></span> <span class='ocrx_word' id='word_1_163' title='bbox 403 1872 487 1942; x_wconf 81' lang='lat' dir='ltr'><strong>jube3</strong></span> <span class='ocrx_word' id='word_1_164' title='bbox 504 1874 524 1927; x_wconf 88' lang='lat' dir='ltr'>fi</span> <span class='ocrx_word' id='word_1_165' title='bbox 542 1874 681 1942; x_wconf 76' lang='lat' dir='ltr'><strong>cognitor3</strong></span> <span class='ocrx_word' id='word_1_166' title='bbox 697 1874 758 1942; x_wconf 91' lang='lat' dir='ltr'><strong>ipse</strong></span> <span class='ocrx_word' id='word_1_167' title='bbox 778 1917 790 1930; x_wconf 75' lang='lat'>.</span> 
     </span>
    </p>

    <p class='ocr_par' dir='ltr' id='par_1_12' title="bbox 115 1948 965 2169">
     <span class='ocr_line' id='line_1_24' title="bbox 115 1948 867 2018; baseline 0.001 -16"><span class='ocrx_word' id='word_1_168' title='bbox 115 1948 214 2004; x_wconf 88' lang='lat' dir='ltr'><strong>Persta</strong></span> <span class='ocrx_word' id='word_1_169' title='bbox 226 1953 317 2018; x_wconf 73' lang='lat' dir='ltr'><strong>atque</strong></span> <span class='ocrx_word' id='word_1_170' title='bbox 334 1949 447 2018; x_wconf 87' lang='lat' dir='ltr'><strong>obdura,</strong></span> <span class='ocrx_word' id='word_1_171' title='bbox 465 1966 516 2003; x_wconf 87' lang='lat' dir='ltr'><strong>seu</strong></span> <span class='ocrx_word' id='word_1_172' title='bbox 532 1949 617 2003; x_wconf 85' lang='lat' dir='ltr'><strong>rubra</strong></span> <span class='ocrx_word' id='word_1_173' title='bbox 635 1949 763 2004; x_wconf 81' lang='lat' dir='ltr'><strong>Canicula</strong></span> <span class='ocrx_word' id='word_1_174' title='bbox 780 1949 867 2003; x_wconf 87' lang='lat' dir='ltr'><strong>findet</strong></span> 
     </span>
     <span class='ocr_line' id='line_1_25' title="bbox 115 2023 965 2094; baseline -0.004 -17"><span class='ocrx_word' id='word_1_175' title='bbox 115 2023 241 2079; x_wconf 79' lang='lat' dir='ltr'><strong>infantes</strong></span> <span class='ocrx_word' id='word_1_176' title='bbox 259 2029 373 2093; x_wconf 88' lang='lat' dir='ltr'><strong>statuas,</strong></span> <span class='ocrx_word' id='word_1_177' title='bbox 392 2042 441 2080; x_wconf 89' lang='lat' dir='ltr'><strong>seu</strong></span> <span class='ocrx_word' id='word_1_178' title='bbox 458 2025 555 2094; x_wconf 83' lang='lat' dir='ltr'><strong>pingui</strong></span> <span class='ocrx_word' id='word_1_179' title='bbox 572 2028 666 2080; x_wconf 87' lang='lat' dir='ltr'><strong>tentus</strong></span> <span class='ocrx_word' id='word_1_180' title='bbox 683 2041 775 2089; x_wconf 80' lang='lat' dir='ltr'><strong>omaso</strong></span> <span class='ocrx_word' id='word_1_181' title='bbox 941 2037 965 2074; x_wconf 72' lang='lat' dir='ltr'><strong>ro</strong></span> 
     </span>
     <span class='ocr_line' id='line_1_26' title="bbox 115 2098 786 2169; baseline 0.003 -16"><span class='ocrx_word' id='word_1_182' title='bbox 115 2098 215 2154; x_wconf 82' lang='lat' dir='ltr'><strong>Furius</strong></span> <span class='ocrx_word' id='word_1_183' title='bbox 232 2099 362 2153; x_wconf 83' lang='lat' dir='ltr'><strong>hibernas</strong></span> <span class='ocrx_word' id='word_1_184' title='bbox 378 2117 447 2154; x_wconf 87' lang='lat' dir='ltr'><strong>cana</strong></span> <span class='ocrx_word' id='word_1_185' title='bbox 464 2101 527 2153; x_wconf 82' lang='lat' dir='ltr'><strong>nive</strong></span> <span class='ocrx_word' id='word_1_186' title='bbox 544 2104 676 2167; x_wconf 84' lang='lat' dir='ltr'><strong>conspuet</strong></span> <span class='ocrx_word' id='word_1_187' title='bbox 694 2100 786 2169; x_wconf 81' lang='lat' dir='ltr'><strong>Alpes</strong></span> 
     </span>
    </p>

    <p class='ocr_par' dir='ltr' id='par_1_13' title="bbox 115 2174 917 2319">
     <span class='ocr_line' id='line_1_27' title="bbox 115 2174 917 2243; baseline 0.001 -15"><span class='ocrx_word' id='word_1_188' title='bbox 115 2174 213 2230; x_wconf 88' lang='lat' dir='ltr'><strong>Nonne</strong></span> <span class='ocrx_word' id='word_1_189' title='bbox 230 2174 316 2242; x_wconf 82' lang='lat' dir='ltr'><strong>vides,</strong></span> <span class='ocrx_word' id='word_1_190' title='bbox 334 2175 434 2243; x_wconf 87' lang='lat' dir='ltr'><strong>aliquis</strong></span> <span class='ocrx_word' id='word_1_191' title='bbox 450 2174 543 2228; x_wconf 86' lang='lat' dir='ltr'><strong>cubito</strong></span> <span class='ocrx_word' id='word_1_192' title='bbox 561 2178 681 2228; x_wconf 85' lang='lat' dir='ltr'><strong>stantem</strong></span> <span class='ocrx_word' id='word_1_193' title='bbox 699 2191 784 2243; x_wconf 85' lang='lat' dir='ltr'><strong>prope</strong></span> <span class='ocrx_word' id='word_1_194' title='bbox 800 2177 917 2242; x_wconf 83' lang='lat' dir='ltr'><strong>tangens</strong></span> 
     </span>
     <span class='ocr_line' id='line_1_28' title="bbox 116 2249 837 2319; baseline -0.003 -16"><span class='ocrx_word' id='word_1_195' title='bbox 116 2249 236 2319; x_wconf 86' lang='lat' dir='ltr'><strong>Inquiet‚</strong></span> <span class='ocrx_word' id='word_1_196' title='bbox 252 2251 286 2301; x_wconf 88' lang='lat' dir='ltr'><strong>ut</strong></span> <span class='ocrx_word' id='word_1_197' title='bbox 302 2249 418 2316; x_wconf 85' lang='lat' dir='ltr'><strong>patiens,</strong></span> <span class='ocrx_word' id='word_1_198' title='bbox 436 2251 469 2301; x_wconf 90' lang='lat' dir='ltr'><strong>nt</strong></span> <span class='ocrx_word' id='word_1_199' title='bbox 486 2249 581 2316; x_wconf 78' lang='lat' dir='ltr'><strong>amieis</strong></span> <span class='ocrx_word' id='word_1_200' title='bbox 598 2252 687 2315; x_wconf 86' lang='lat' dir='ltr'><strong>aptus,</strong></span> <span class='ocrx_word' id='word_1_201' title='bbox 705 2252 738 2301; x_wconf 90' lang='lat' dir='ltr'><strong>ut</strong></span> <span class='ocrx_word' id='word_1_202' title='bbox 754 2251 837 2302; x_wconf 77' lang='lat' dir='ltr'><strong>aceri</strong></span> 
     </span>
    </p>

    <p class='ocr_par' dir='ltr' id='par_1_14' title="bbox 116 2322 801 2379">
     <span class='ocr_line' id='line_1_29' title="bbox 116 2322 801 2379; baseline -0.006 -1"><span class='ocrx_word' id='word_1_203' title='bbox 116 2324 212 2379; x_wconf 92' lang='lat' dir='ltr'><strong>Plures</strong></span> <span class='ocrx_word' id='word_1_204' title='bbox 230 2323 372 2377; x_wconf 85' lang='lat' dir='ltr'><strong>adnabunt</strong></span> <span class='ocrx_word' id='word_1_205' title='bbox 388 2322 486 2376; x_wconf 84' lang='lat' dir='ltr'><strong>thuani</strong></span> <span class='ocrx_word' id='word_1_206' title='bbox 504 2324 534 2375; x_wconf 92' lang='lat' dir='ltr'><strong>et</strong></span> <span class='ocrx_word' id='word_1_207' title='bbox 550 2322 654 2375; x_wconf 86' lang='lat' dir='ltr'><strong>cetaria</strong></span> <span class='ocrx_word' id='word_1_208' title='bbox 670 2325 801 2375; x_wconf 83' lang='lat' dir='ltr'><strong>arescent.</strong></span> 
     </span>
    </p>

    <p class='ocr_par' dir='ltr' id='par_1_15' title="bbox 115 2396 973 2539">
     <span class='ocr_line' id='line_1_30' title="bbox 115 2396 973 2467; baseline -0.006 -14"><span class='ocrx_word' id='word_1_209' title='bbox 115 2400 145 2454; x_wconf 82' lang='lat' dir='ltr'><strong>si</strong></span> <span class='ocrx_word' id='word_1_210' title='bbox 163 2399 206 2452; x_wconf 89' lang='lat' dir='ltr'><strong>cui</strong></span> <span class='ocrx_word' id='word_1_211' title='bbox 224 2399 370 2467; x_wconf 88' lang='lat' dir='ltr'><strong>praeterea</strong></span> <span class='ocrx_word' id='word_1_212' title='bbox 387 2396 493 2450; x_wconf 84' lang='lat' dir='ltr'><strong>validus</strong></span> <span class='ocrx_word' id='word_1_213' title='bbox 510 2396 582 2449; x_wconf 88' lang='lat' dir='ltr'><strong>male</strong></span> <span class='ocrx_word' id='word_1_214' title='bbox 599 2396 672 2448; x_wconf 85' lang='lat' dir='ltr'><strong>filius</strong></span> <span class='ocrx_word' id='word_1_215' title='bbox 688 2396 717 2448; x_wconf 93' lang='lat' dir='ltr'><strong>in</strong></span> <span class='ocrx_word' id='word_1_216' title='bbox 734 2411 765 2450; x_wconf 95' lang='lat' dir='ltr'><strong>re</strong></span> <span class='ocrx_word' id='word_1_217' title='bbox 946 2413 973 2456; x_wconf 70' lang='lat'><strong>43</strong></span> 
     </span>
     <span class='ocr_line' id='line_1_31' title="bbox 116 2471 762 2539; baseline -0.008 -11"><span class='ocrx_word' id='word_1_218' title='bbox 116 2474 260 2528; x_wconf 86' lang='lat' dir='ltr'><strong>Praeclara</strong></span> <span class='ocrx_word' id='word_1_219' title='bbox 278 2472 402 2525; x_wconf 86' lang='lat' dir='ltr'><strong>sublatus</strong></span> <span class='ocrx_word' id='word_1_220' title='bbox 419 2471 517 2539; x_wconf 88' lang='lat' dir='ltr'><strong>aletur,</strong></span> <span class='ocrx_word' id='word_1_221' title='bbox 533 2488 570 2524; x_wconf 89' lang='lat' dir='ltr'><strong>ne</strong></span> <span class='ocrx_word' id='word_1_222' title='bbox 587 2471 762 2524; x_wconf 87' lang='lat' dir='ltr'><strong>manifestum</strong></span> 
     </span>
    </p>

    <p class='ocr_par' dir='ltr' id='par_1_16' title="bbox 116 2546 831 2616">
     <span class='ocr_line' id='line_1_32' title="bbox 116 2546 831 2616; baseline -0.004 -12"><span class='ocrx_word' id='word_1_223' title='bbox 116 2549 236 2605; x_wconf 82' lang='lat' dir='ltr'><strong>Caelibis</strong></span> <span class='ocrx_word' id='word_1_224' title='bbox 254 2548 415 2616; x_wconf 74' lang='lat' dir='ltr'><strong>obsequium</strong></span> <span class='ocrx_word' id='word_1_225' title='bbox 431 2547 519 2601; x_wconf 85' lang='lat' dir='ltr'><strong>nudet</strong></span> <span class='ocrx_word' id='word_1_226' title='bbox 537 2550 574 2613; x_wconf 85' lang='lat' dir='ltr'><strong>te,</strong></span> <span class='ocrx_word' id='word_1_227' title='bbox 591 2546 691 2600; x_wconf 91' lang='lat' dir='ltr'><strong>leniter</strong></span> <span class='ocrx_word' id='word_1_228' title='bbox 707 2546 736 2600; x_wconf 94' lang='lat' dir='ltr'><strong>in</strong></span> <span class='ocrx_word' id='word_1_229' title='bbox 754 2562 831 2616; x_wconf 89' lang='lat' dir='ltr'><strong>spem</strong></span> 
     </span>
    </p>

    <p class='ocr_par' dir='ltr' id='par_1_17' title="bbox 115 2622 777 2694">
     <span class='ocr_line' id='line_1_33' title="bbox 115 2622 777 2694; baseline -0.003 -16"><span class='ocrx_word' id='word_1_230' title='bbox 115 2625 230 2693; x_wconf 85' lang='lat' dir='ltr'><strong>Adrepe</strong></span> <span class='ocrx_word' id='word_1_231' title='bbox 247 2623 387 2694; x_wconf 87' lang='lat' dir='ltr'><strong>officiosus,</strong></span> <span class='ocrx_word' id='word_1_232' title='bbox 404 2625 437 2677; x_wconf 88' lang='lat' dir='ltr'><strong>ut</strong></span> <span class='ocrx_word' id='word_1_233' title='bbox 454 2627 484 2677; x_wconf 92' lang='lat' dir='ltr'><strong>et</strong></span> <span class='ocrx_word' id='word_1_234' title='bbox 503 2623 624 2677; x_wconf 87' lang='lat' dir='ltr'><strong>scribare</strong></span> <span class='ocrx_word' id='word_1_235' title='bbox 641 2622 777 2676; x_wconf 76' lang='lat' dir='ltr'><strong>secumdus</strong></span> 
     </span>
    </p>

    <p class='ocr_par' dir='ltr' id='par_1_18' title="bbox 115 2698 814 2768">
     <span class='ocr_line' id='line_1_34' title="bbox 115 2698 814 2768; baseline -0.001 -14"><span class='ocrx_word' id='word_1_236' title='bbox 115 2700 207 2754; x_wconf 89' lang='lat' dir='ltr'><strong>Heres</strong></span> <span class='ocrx_word' id='word_1_237' title='bbox 224 2702 261 2767; x_wconf 89' lang='lat' dir='ltr'><strong>et,</strong></span> <span class='ocrx_word' id='word_1_238' title='bbox 278 2699 302 2752; x_wconf 92' lang='lat' dir='ltr'><strong>si</strong></span> <span class='ocrx_word' id='word_1_239' title='bbox 319 2699 381 2767; x_wconf 92' lang='lat' dir='ltr'><strong>quis</strong></span> <span class='ocrx_word' id='word_1_240' title='bbox 399 2715 477 2754; x_wconf 85' lang='lat' dir='ltr'><strong>casus</strong></span> <span class='ocrx_word' id='word_1_241' title='bbox 494 2716 611 2767; x_wconf 89' lang='lat' dir='ltr'><strong>puerum</strong></span> <span class='ocrx_word' id='word_1_242' title='bbox 628 2698 717 2767; x_wconf 77' lang='lat' dir='ltr'><strong>egerit</strong></span> <span class='ocrx_word' id='word_1_243' title='bbox 735 2699 814 2768; x_wconf 82' lang='lat' dir='ltr'><strong>Oreo,</strong></span> 
     </span>
    </p>

    <p class='ocr_par' dir='ltr' id='par_1_19' title="bbox 116 2774 971 2996">
     <span class='ocr_line' id='line_1_35' title="bbox 116 2774 971 2843; baseline 0.001 -14"><span class='ocrx_word' id='word_1_244' title='bbox 116 2776 151 2830; x_wconf 91' lang='lat' dir='ltr'><strong>ln</strong></span> <span class='ocrx_word' id='word_1_245' title='bbox 168 2792 283 2830; x_wconf 88' lang='lat' dir='ltr'><strong>vacuum</strong></span> <span class='ocrx_word' id='word_1_246' title='bbox 300 2775 407 2830; x_wconf 85' lang='lat' dir='ltr'><strong>venias:</strong></span> <span class='ocrx_word' id='word_1_247' title='bbox 425 2791 540 2843; x_wconf 87' lang='lat' dir='ltr'><strong>perraro</strong></span> <span class='ocrx_word' id='word_1_248' title='bbox 557 2775 626 2828; x_wconf 89' lang='lat' dir='ltr'><strong>haec</strong></span> <span class='ocrx_word' id='word_1_249' title='bbox 642 2774 702 2829; x_wconf 85' lang='lat' dir='ltr'><strong>alea</strong></span> <span class='ocrx_word' id='word_1_250' title='bbox 718 2775 796 2830; x_wconf 82' lang='lat' dir='ltr'><strong>fallit.</strong></span> <span class='ocrx_word' id='word_1_251' title='bbox 945 2796 971 2836; x_wconf 74' lang='lat' dir='ltr'><strong>to</strong></span> 
     </span>
     <span class='ocr_line' id='line_1_36' title="bbox 116 2850 864 2920; baseline -0.003 -13"><span class='ocrx_word' id='word_1_252' title='bbox 116 2852 169 2916; x_wconf 82' lang='lat' dir='ltr'><strong>Qui</strong></span> <span class='ocrx_word' id='word_1_253' title='bbox 187 2854 384 2907; x_wconf 87' lang='lat' dir='ltr'><strong>testamentum</strong></span> <span class='ocrx_word' id='word_1_254' title='bbox 400 2850 495 2905; x_wconf 87' lang='lat' dir='ltr'><strong>tradet</strong></span> <span class='ocrx_word' id='word_1_255' title='bbox 512 2851 564 2907; x_wconf 88' lang='lat' dir='ltr'><strong>tibi</strong></span> <span class='ocrx_word' id='word_1_256' title='bbox 582 2867 689 2920; x_wconf 90' lang='lat' dir='ltr'><strong>cunque</strong></span> <span class='ocrx_word' id='word_1_257' title='bbox 706 2851 864 2920; x_wconf 85' lang='lat' dir='ltr'><strong>legendum,-</strong></span> 
     </span>
     <span class='ocr_line' id='line_1_37' title="bbox 117 2926 824 2996; baseline 0 -14"><span class='ocrx_word' id='word_1_258' title='bbox 117 2928 249 2982; x_wconf 89' lang='lat' dir='ltr'><strong>Abnuere</strong></span> <span class='ocrx_word' id='word_1_259' title='bbox 267 2931 296 2981; x_wconf 91' lang='lat' dir='ltr'><strong>et</strong></span> <span class='ocrx_word' id='word_1_260' title='bbox 313 2926 422 2981; x_wconf 88' lang='lat' dir='ltr'><strong>tabulas</strong></span> <span class='ocrx_word' id='word_1_261' title='bbox 439 2931 503 2981; x_wconf 89' lang='lat' dir='ltr'><strong>ate</strong></span> <span class='ocrx_word' id='word_1_262' title='bbox 521 2943 662 2981; x_wconf 87' lang='lat' dir='ltr'><strong>removere</strong></span> <span class='ocrx_word' id='word_1_263' title='bbox 678 2932 824 2996; x_wconf 89' lang='lat' dir='ltr'><strong>memento,</strong></span> 
     </span>
    </p>

    <p class='ocr_par' dir='ltr' id='par_1_20' title="bbox 115 3002 845 3077">
     <span class='ocr_line' id='line_1_38' title="bbox 115 3002 845 3077; baseline -0.003 -20"><span class='ocrx_word' id='word_1_264' title='bbox 115 3003 161 3057; x_wconf 80' lang='lat' dir='ltr'><strong>Sic</strong></span> <span class='ocrx_word' id='word_1_265' title='bbox 177 3009 270 3058; x_wconf 84' lang='lat' dir='ltr'><strong>tamen</strong></span> <span class='ocrx_word' id='word_1_266' title='bbox 288 3005 320 3056; x_wconf 85' lang='lat' dir='ltr'><strong>ut</strong></span> <span class='ocrx_word' id='word_1_267' title='bbox 336 3002 409 3056; x_wconf 87' lang='lat' dir='ltr'><strong>limis</strong></span> <span class='ocrx_word' id='word_1_268' title='bbox 426 3003 516 3072; x_wconf 87' lang='lat' dir='ltr'><strong>rapias</strong></span> <span class='ocrx_word' id='word_1_269' title='bbox 535 3003 603 3070; x_wconf 90' lang='lat' dir='ltr'><strong>quid</strong></span> <span class='ocrx_word' id='word_1_270' title='bbox 619 3003 712 3077; x_wconf 31' lang='lat' dir='ltr'><strong>prima·</strong></span> <span class='ocrx_word' id='word_1_271' title='bbox 726 3003 845 3057; x_wconf 89' lang='lat' dir='ltr'><strong>seeundo</strong></span> 
     </span>
    </p>

    <p class='ocr_par' dir='ltr' id='par_1_21' title="bbox 116 3077 762 3146">
     <span class='ocr_line' id='line_1_39' title="bbox 116 3077 762 3146; baseline 0.003 -16"><span class='ocrx_word' id='word_1_272' title='bbox 116 3077 187 3132; x_wconf 70' lang='lat' dir='ltr'><strong>(iera</strong></span> <span class='ocrx_word' id='word_1_273' title='bbox 204 3079 271 3132; x_wconf 85' lang='lat' dir='ltr'><strong>velit</strong></span> <span class='ocrx_word' id='word_1_274' title='bbox 289 3094 386 3144; x_wconf 78' lang='lat' dir='ltr'><strong>versu3</strong></span> <span class='ocrx_word' id='word_1_275' title='bbox 406 3078 478 3132; x_wconf 90' lang='lat' dir='ltr'><strong>solus</strong></span> <span class='ocrx_word' id='word_1_276' title='bbox 496 3078 625 3132; x_wconf 90' lang='lat' dir='ltr'><strong>multisne</strong></span> <span class='ocrx_word' id='word_1_277' title='bbox 643 3078 762 3146; x_wconf 84' lang='lat' dir='ltr'><strong>coheres,</strong></span> 
     </span>
    </p>

    <p class='ocr_par' dir='ltr' id='par_1_22' title="bbox 114 3150 968 3297">
     <span class='ocr_line' id='line_1_40' title="bbox 115 3150 968 3222; baseline 0.004 -18"><span class='ocrx_word' id='word_1_278' title='bbox 115 3150 211 3214; x_wconf 70' lang='lat' dir='ltr'><strong>Veloci</strong></span> <span class='ocrx_word' id='word_1_279' title='bbox 228 3169 357 3220; x_wconf 89' lang='lat' dir='ltr'><strong>percurre</strong></span> <span class='ocrx_word' id='word_1_280' title='bbox 374 3153 459 3208; x_wconf 76' lang='lat' dir='ltr'><strong>oculo,</strong></span> <span class='ocrx_word' id='word_1_281' title='bbox 495 3153 661 3222; x_wconf 89' lang='lat' dir='ltr'><strong>Plerumque</strong></span> <span class='ocrx_word' id='word_1_282' title='bbox 677 3156 801 3207; x_wconf 77' lang='lat' dir='ltr'><strong>recoctus</strong></span> <span class='ocrx_word' id='word_1_283' title='bbox 943 3166 968 3207; x_wconf 75' lang='lat' dir='ltr'><strong>rs</strong></span> 
     </span>
     <span class='ocr_line' id='line_1_41' title="bbox 114 3223 868 3297; baseline 0.004 -19"><span class='ocrx_word' id='word_1_284' title='bbox 114 3223 212 3280; x_wconf 79' lang='lat' dir='ltr'><strong>Scriba</strong></span> <span class='ocrx_word' id='word_1_285' title='bbox 229 3243 265 3281; x_wconf 84' lang='lat' dir='ltr'><strong>ex</strong></span> <span class='ocrx_word' id='word_1_286' title='bbox 282 3227 461 3297; x_wconf 79' lang='lat' dir='ltr'><strong>quinqueviro</strong></span> <span class='ocrx_word' id='word_1_287' title='bbox 478 3244 589 3283; x_wconf 78' lang='lat' dir='ltr'><strong>eorsum</strong></span> <span class='ocrx_word' id='word_1_288' title='bbox 606 3228 722 3282; x_wconf 84' lang='lat' dir='ltr'><strong>deludet</strong></span> <span class='ocrx_word' id='word_1_289' title='bbox 739 3228 868 3293; x_wconf 84' lang='lat' dir='ltr'><strong>hiantem,</strong></span> 
     </span>
    </p>
   </div>
   <div class='ocr_carea' id='block_1_3' title="bbox 0 0 1142 3550">
    <p class='ocr_par' dir='ltr' id='par_1_23' title="bbox 0 0 1142 3550">
     <span class='ocr_line' id='line_1_42' title="bbox 0 0 1142 3550; baseline 0 0"><span class='ocrx_word' id='word_1_290' title='bbox 0 0 1142 3550; x_wconf 95' lang='lat' dir='ltr'><strong> </strong></span> 
     </span>
    </p>
   </div>
   <div class='ocr_carea' id='block_1_4' title="bbox 20 3437 126 3511">
    <p class='ocr_par' dir='ltr' id='par_1_24' title="bbox 20 3437 126 3511">
     <span class='ocr_line' id='line_1_43' title="bbox 20 3437 126 3511; baseline 0.009 -1"><span class='ocrx_word' id='word_1_291' title='bbox 20 3437 126 3511; x_wconf 62' lang='lat'><strong>2.</strong></span> 
     </span>
    </p>
   </div>
  </div>
 </body>
</html>
