2275 3550
136 210 168 258 92
409 209 564 258 HORATII
581 207 712 256 mom

241 288 364 342 Exeucca
380 287 423 341 uti
440 287 560 340 medulla
577 290 607 340 et
624 285 733 339 aridum
746 285 828 354 Jecur

275 363 385 416 Amoris
404 366 476 415 esset
491 361 627 430 poculum,

243 438 424 492 Interminato
441 453 504 490 cum
522 437 606 491 semel
623 437 694 489 fixae
711 435 773 488 cibo

276 511 463 565 Intabuiesent
480 512 605 581 pupulae.

241 588 303 642 Non
321 586 441 641 defuisse
459 588 595 641 masculae
611 585 733 641 libidinis

275 663 478 717 Ariminensem
498 663 602 717 Foliam

242 739 280 792 Mt
298 738 385 792 otiosa
402 738 521 793 credidit
538 738 669 807 Neapolis

275 814 314 867 llt
331 830 411 869 omnc
429 814 546 867 ricinum
564 813 704 883 oppidum,

242 889 318 954 Quae
336 888 426 943 sidera
444 892 589 943 excantata
605 906 671 943 voce
689 887 819 943 Thessala
958 905 981 945 45
1129 942 1130 967 ,

276 965 436 1032 Lunamque
453 964 526 1018 caelo
545 964 655 1033 deripit.
1129 970 1130 1037 l

242 1039 298 1094 Hic
314 1040 474 1094 irresectum
492 1056 573 1093 saeva
590 1039 673 1093 dente
689 1038 773 1092 livido
1129 1040 1130 1047 ’

277 1115 391 1169 Canidia
406 1115 507 1170 rodens
524 1115 648 1185 pollicem
1129 1143 1130 1181 l

245 1191 318 1257 Quid
335 1192 406 1246 dixit
424 1196 472 1245 ant
490 1191 557 1261 quid
575 1191 681 1246 tacuitl
717 1188 763 1242 “O
780 1187 862 1244 rebus
879 1186 948 1241 meis

276 1268 340 1322 Non
357 1267 480 1321 infideles
497 1267 627 1337 arbitrae,
967 1278 993 1319 to

243 1341 306 1395 Nor
323 1346 353 1397 et
370 1343 459 1396 Diana
475 1359 546 1412 quae
564 1342 702 1397 silentium
718 1339 792 1409 regis

278 1418 387 1471 Arcana
404 1434 466 1471 cum
484 1418 555 1471 fiunt
573 1434 657 1484 sacra,

243 1491 332 1559 Nunc,
348 1508 421 1545 nunc
438 1491 540 1561 adeste,
558 1492 676 1545 nuncin
693 1491 806 1545 hostiles
823 1490 918 1545 domos

278 1567 353 1620 Iram
370 1569 454 1635 atque
470 1583 571 1620 numen
588 1565 704 1621 vertite!

245 1641 438 1696 Formidoloeis
455 1642 522 1696 dum
539 1641 626 1696 latent
644 1642 718 1694 silvie
734 1640 812 1695 ferae

279 1718 358 1773 Dulci
376 1734 473 1788 sopore
490 1716 642 1788 languidae,

244 1793 351 1859 Senem,
369 1791 443 1861 quod
460 1809 554 1847 omnes
571 1792 687 1862 rideant,
704 1791 860 1848 adulterum

278 1870 393 1923 Latrent
411 1867 570 1924 Suburanae
587 1885 669 1924 canes

246 1945 273 2000 N
274 1944 341 1999 ardo
357 1949 527 2014 perunctum,
546 1947 627 2015 quale
644 1962 698 2000 non
715 1945 863 2015 perfectius

279 2021 359 2074 Meae
376 2020 526 2075 laborarint
543 2037 681 2077 manua·
967 2031 992 2071 ⁶⁰

245 2094 319 2159 Quid
334 2095 453 2150 eccidit?
489 2097 546 2151 Gur
563 2098 624 2151 dira
640 2096 775 2151 barbarae
790 2096 879 2149 minua

278 2170 393 2222 Venena
410 2170 525 2224 Medeae
542 2172 667 2232 valentl;
810 2174 815 2183 '

245 2242 350 2306 Quibus
367 2243 512 2310 superbam
528 2245 601 2311 fugit
617 2246 676 2298 ulta
692 2246 822 2313 pellicem,

278 2316 373 2382 Magni
390 2316 516 2370 Creontis
533 2318 625 2385 filiam,

245 2390 314 2446 Cum
330 2391 409 2459 palla,
426 2390 491 2444 tabo
508 2408 606 2446 munus
623 2392 765 2460 imbutum,
782 2408 880 2447 novam
969 2408 995 2449 os

278 2466 410 2520 Incendic
428 2470 542 2535 nuptam
559 2466 681 2522 abstrdit

245 2542 334 2610 Atqui
351 2558 402 2608 pec
419 2541 504 2596 herba
521 2558 572 2597 nec
589 2543 677 2597 latens
693 2542 723 2596 in
739 2543 844 2612 asperis

281 2617 371 2670 Radix
388 2617 486 2672 fefellit
502 2633 547 2671 me
564 2618 637 2672 locis.

245 2690 381 2746 Indormit
398 2693 488 2746 unctis
506 2694 627 2747 omnium
644 2692 780 2748 eubilibus

279 2766 421 2821 Oblivione
438 2767 609 2836 pellicum-
670 2763 672 2767 ’
968 2781 992 2825 ⁷⁰

168 2909 169 2912 Ἰ
244 2841 292 2898 Ah
309 2842 361 2895 ah!
380 2843 485 2897 solutus
503 2842 626 2898 ambulat
643 2844 779 2899 veneficae

279 2917 436 2972 Scientioris
453 2918 579 2973 camnine.

244 2992 307 3047 Mon
324 2992 441 3060 usitatis,
459 2992 539 3060 Vare,
557 2993 722 3064 potionibus,

279 3068 303 3120 0
321 3067 408 3122 multa
424 3067 553 3122 fleturum
571 3073 661 3138 caput,

244 3142 293 3196 Ad
309 3159 354 3197 me
371 3159 503 3210 recurres,
521 3159 571 3196 nec
588 3147 684 3197 vocata
700 3146 844 3199 menstra
966 3151 991 3194 τε

278 3215 378 3270 Mareia
394 3217 498 3271 redibit
514 3217 640 3273 vocibus:

1109 2737 1127 2772 ἣ
