2275 3550
382 528 713 624 urisuounuuu

308 774 467 832 LIBER
500 774 794 834 SECUNDUS.

536 1015 551 1069 I

125 1093 192 1147 Ocu
208 1097 251 1148 tot
269 1096 403 1151 sustineas
419 1101 449 1151 et
465 1101 544 1152 tauta
559 1099 671 1165 negotia
687 1098 769 1167 solus,

126 1166 182 1221 Res
200 1170 286 1224 Italas
302 1174 385 1225 armis
402 1174 509 1239 tuteris,
527 1173 649 1227 moribus
667 1190 756 1240 ornes,

125 1242 245 1311 Legibus
262 1248 398 1316 emendes,
415 1249 443 1300 in
460 1248 569 1316 publiea
586 1249 727 1302 commoda
743 1266 855 1317 peccem

126 1318 155 1371 Si
172 1319 252 1388 longo
270 1338 394 1376 sermone
411 1340 502 1376 morer
518 1328 568 1377 tua
585 1319 716 1392 tempora,
735 1324 841 1379 Caesar.

126 1393 257 1449 Romulus
275 1401 304 1450 et
322 1397 405 1472 Liber
421 1402 500 1466 pater
518 1403 547 1453 et
565 1415 627 1451 cum
646 1400 758 1453 Castore
778 1401 883 1469 Pollux,
964 1417 979 1458 ⁵

125 1469 192 1523 Post
209 1471 330 1538 ingentia
347 1473 419 1526 facta
436 1474 555 1527 deorum
566 1475 596 1526 in
612 1474 715 1542 templa
731 1476 842 1544 recepti,

124 1544 197 1598 Dum
215 1549 303 1600 terras
321 1547 513 1616 hominumque
530 1549 622 1603 colunt
639 1566 731 1617 genus,
748 1567 845 1619 aspera
861 1551 939 1606 bclla‘
1010 1587 1015 1594 -

125 1619 304 1690 Componunt,
322 1639 402 1690 agros
418 1624 564 1691 assignant,
582 1624 682 1692 oppida
698 1625 825 1692 condunt,

124 1695 269 1751 Ploravere
287 1697 343 1756 suis
360 1715 414 1750 non
431 1699 596 1766 respondere
613 1700 732 1752 favorem

124 1771 270 1841 Speratum
287 1775 401 1829 meritis.
435 1774 530 1828 Dirum
548 1776 595 1843 qui
613 1775 737 1829 contudit
753 1775 869 1843 hydram
952 1800 976 1836 10

124 1846 252 1917 Notaque
270 1849 346 1903 fatali
363 1852 491 1917 portenta
507 1850 601 1903 labore
620 1849 736 1917 subegit,
1012 1865 1014 1869 ’

124 1922 264 1994 Comperit
280 1926 411 1979 invidiam
424 1942 554 1994 supremo
571 1927 626 1978 fine
644 1925 755 1980 domari.

123 1997 189 2053 Urit
206 2002 277 2054 enim
294 2002 400 2069 fulgore
417 2018 466 2055 suo
484 2001 530 2070 qui
547 2004 709 2069 praegravat
725 2005 800 2055 artes
858 2050 862 2054 .

124 2074 202 2129 Infra
219 2094 248 2130 se
264 2077 382 2145 positas;
399 2077 550 2131 exstinctus
567 2076 703 2130 amabitur
719 2076 800 2128 idem.

124 2148 267 2204 Praesenti
285 2153 336 2205 tibi
354 2157 475 2205 maturos
493 2151 624 2219 largimur
642 2151 764 2216 honores
949 2166 975 2208 15

123 2225 143 2278 J
145 2227 317 2295 urendasque
334 2231 413 2280 tuum
430 2244 480 2295 per
497 2244 596 2280 nomen
613 2228 738 2296 ponimus
755 2244 824 2295 aras,

123 2300 171 2354 Nil
188 2303 321 2355 oriturum
338 2303 412 2368 alias,
430 2301 468 2355 nil
486 2306 577 2355 ortum
594 2303 650 2356 tale
667 2303 793 2356 fatentes.

123 2376 179 2430 Sed
196 2380 261 2431 tuus
277 2377 322 2429 hic
339 2377 461 2444 populus,
481 2377 590 2445 sapiens
607 2381 636 2431 et
650 2378 743 2445 justus
760 2378 789 2430 in
806 2393 867 2445 uno,

123 2452 281 2506 'fenestris
298 2452 419 2519 ducibus,
438 2455 467 2505 te
486 2452 575 2505 Graiis
591 2453 776 2517 anteferenda,

123 2528 222 2582 Cetera
238 2544 410 2596 nequaquam
429 2528 510 2581 simili
527 2528 634 2581 ratione
650 2528 786 2595 modoque
946 2549 972 2586 20

123 2604 268 2670 Aestimat,
286 2607 316 2657 ct
333 2604 384 2656 nisi
402 2620 473 2672 quae
490 2598 572 2657 terris
590 2607 694 2656 semota
712 2604 821 2670 suisquc

122 2679 299 2747 Temporibus
317 2678 446 2732 defuncta
462 2678 545 2746 videt,
562 2678 671 2731 fastidit
688 2682 718 2732 et
735 2680 810 2741 odit;
841 2696 844 2699 ·

122 2753 167 2808 Sic
183 2756 274 2808 fautor
289 2758 413 2808 veterum
430 2757 462 2806 ut
479 2752 587 2806 tabulas
605 2769 719 2821 peccare
736 2757 863 2807 vetantes

122 2829 195 2894 Quas
212 2829 254 2883 bis
272 2830 392 2897 quinque
408 2829 460 2882 viri
478 2832 634 2896 sanxerunt,
652 2829 764 2893 foedera
781 2843 879 2895 regum

121 2903 175 2959 Vel
192 2904 286 2958 Gabiis
303 2904 347 2957 vel
365 2921 426 2958 cum
443 2903 539 2971 rigidis
556 2906 674 2970 aequata
692 2902 809 2971 Sabinis,
950 2923 975 2962 25

121 2978 283 3035 Pontificum
300 2979 392 3046 libros,
409 2994 510 3032 annosa
526 2978 662 3030 volumina
679 2982 782 3044 vatum,

120 3052 237 3108 Dictitet
254 3054 361 3108 Albano
379 3053 473 3106 Musas
489 3053 519 3104 in
536 3057 629 3103 monte
647 3052 759 3105 locutas.
861 3083 863 3085 -

120 3126 149 3179 Si
166 3129 231 3195 quia
248 3128 412 3182 Graecorum
430 3132 494 3181 sunt
511 3126 699 3192 antiquissima
718 3144 843 3194 quaeque

119 3201 227 3271 Scripta
243 3203 286 3254 vcl
305 3204 408 3270 optima
426 3201 540 3254 Romani
557 3204 706 3267 pensantur
724 3202 821 3253 cadom

119 3273 271 3340 Scriptores
288 3278 399 3342 trutina,
417 3292 472 3328 non
489 3278 532 3327 est
549 3272 623 3341 quod
641 3274 730 3325 multa
747 3275 904 3340 loquamur:
948 3294 975 3332 30
