2275 3550
141 164 186 212 114
415 158 571 209 HORATII
587 160 718 210 FLAGOI

139 237 224 295 Sutor
240 246 309 308 crat,
326 239 433 307 sapiens
451 240 541 307 operis
559 240 599 292 sic
616 239 737 308 optimus
753 238 845 293 omnis

140 313 192 370 Est
209 316 299 383 opifex
317 314 397 383 solus,
414 314 453 368 sic
469 331 527 369 rex.
563 314 678 368 Vellunt
696 311 749 369 tibi
766 310 881 370 barbam

141 390 247 444 Lasciri
264 390 358 458 pueri;
375 405 443 458 quos
460 393 493 444 ta
510 389 562 442 nisi
580 390 654 443 fuste
672 394 782 442 coerces
845 444 849 452 ,

140 465 257 534 Urgeris
273 464 356 518 turba
373 465 475 518 circum
492 468 522 518 te
540 467 631 519 stante
649 464 788 532 miserque
963 467 998 507 ¹³⁵

142 540 289 609 Rumperis
307 544 336 595 ct
352 540 445 607 latras,
464 555 624 608 magnorum
641 539 760 593 maxime
777 556 882 608 regum.

141 615 169 670 N
170 632 186 669 e
203 616 314 684 longum
330 614 441 669 faciam:
459 615 526 668 dum
543 618 576 669 tu
594 614 746 683 quadrante
763 614 884 670 lavatum

142 691 204 745 Rex
220 691 274 745 ibis
290 707 381 758 neque
398 694 428 745 te
446 691 590 758 quisquam
608 690 724 758 stipator
740 690 865 759 ineptum

143 766 258 821 Praeter
276 766 431 834 Crispinum
450 766 607 833 sectabitur,
626 764 740 820 etmihi
757 765 851 820 dulces

142 841 290 910 ignoscent
307 841 330 895 si
348 841 416 910 quid
432 857 546 909 peccaro
564 841 667 895 stultus
684 840 772 907 amici,
961 856 996 898 uo

143 918 232 986 Inque
249 918 336 971 vicem
353 917 462 970 illorum
479 917 569 985 patiar
586 916 688 970 delicta
704 916 832 987 libenter,

142 992 325 1062 Privatnsque
341 993 429 1061 magis
445 991 535 1048 vivam
551 995 583 1046 te
599 1007 666 1060 rege
683 990 790 1047 beatus.

541 1136 593 1192 IV.

144 1221 266 1277 Eoronrs
283 1223 368 1291 atquc
387 1219 517 1276 Cratinus
536 1218 789 1288 Aristophanesque
806 1223 933 1303 poetae·
958 1290 961 1293 ι

145 1298 240 1366 Atque
257 1297 303 1351 alii
321 1313 437 1366 quorum
455 1295 596 1350 comoedia
612 1295 701 1363 prisca
717 1296 837 1350 virorum
854 1300 904 1364 cst,
936 1329 940 1335 -

145 1374 174 1428 si
192 1374 253 1441 quis
271 1377 333 1427 erat
350 1372 450 1439 dignus
467 1371 586 1425 describi
604 1371 678 1440 quod
695 1372 783 1425 malus
800 1388 832 1426 ao
849 1372 901 1441 fur,

145 1448 227 1514 Quod
243 1447 372 1502 moechus
389 1448 461 1500 foret
478 1451 527 1500 aut
545 1446 658 1500 sicarius
675 1450 728 1499 aut.
740 1447 841 1517 alioqui

145 1524 285 1590 Famosus,
303 1522 391 1575 multa
407 1537 470 1575 cum
488 1520 616 1575 libertate
634 1521 773 1576 notabant.
983 1537 998 1581 s

145 1599 220 1655 Hinc
236 1597 323 1652 omnis
339 1596 445 1666 pendet
462 1596 590 1664 Lucilius,
607 1596 688 1650 hosce
705 1602 815 1652 secutus

144 1674 262 1729 Mutatis
278 1676 386 1728 tantum
402 1671 519 1741 pedibus
535 1672 719 1741 numerisque,
735 1673 848 1742 facetus,

146 1750 298 1806 Emunctaa
315 1748 397 1817 naris,
415 1748 501 1802 durus
518 1764 679 1817 componere
696 1765 799 1805 versus.

146 1827 172 1880 N
174 1843 219 1880 am
235 1826 290 1880 fuit
306 1825 357 1880 hoc
374 1825 503 1879 vitiosus:
521 1824 551 1878 in
568 1825 636 1890 hora
652 1841 735 1894 saepe
751 1826 884 1880 ducentos

146 1902 188 1957 Ut
203 1918 332 1970 magnum
349 1917 445 1955 versus
462 1900 585 1955 dictabat
603 1904 678 1955 stans
695 1902 767 1969 pede
783 1901 813 1955 iu
830 1917 893 1956 uno.
976 1917 999 1957 ro

147 1978 217 2033 (lum
233 1978 333 2032 flueret
350 1976 503 2031 lutulentus
521 1980 582 2030 erat
599 1976 675 2046 quod
691 1978 789 2031 tollere
806 1977 906 2042 velles3

147 2053 280 2112 Garrulus
297 2056 381 2120 atque
399 2053 476 2119 piger
494 2051 632 2105 scribendi
650 2053 722 2106 ferre
740 2052 871 2118 laborem,

147 2127 291 2184 scribendi
308 2130 398 2181 recte:
416 2143 479 2179 nam
496 2130 529 2179 ut
545 2127 663 2180 multum
680 2127 720 2180 nil
737 2145 835 2182 moror.
870 2128 949 2197 Ecce,

148 2203 290 2270 Crispinus
306 2201 419 2253 minimo
437 2216 481 2252 me
498 2205 642 2267 provocat:
660 2201 676 2227 ‘⁶
682 2202 794 2269 Accipe,
813 2203 837 2255 si
854 2202 895 2257 vis

149 2277 289 2345 Accipiam
305 2275 428 2337 tabulas3
442 2271 529 2326 detur
544 2273 624 2327 nobis
641 2275 723 2344 locus,
741 2276 814 2343 hora,
886 2326 890 2332 ,
975 2290 999 2328 15

148 2351 298 2415 Custodem
310 2347 456 2401 ¹videamus
473 2350 538 2401 uter
555 2347 618 2417 plus
635 2348 754 2410 scribere
772 2350 882 2418 possit.”

147 2426 205 2480 “Di
222 2425 292 2479 bone
309 2423 435 2478 focerunt
452 2423 540 2490 inopis
557 2439 602 2477 me
620 2424 750 2492 quodque
766 2424 858 2493 pusilli

147 2502 301 2558 Finxersmt
317 2499 407 2567 animi,
424 2513 487 2552 raro
505 2502 534 2553 et
550 2515 687 2568 perpauca
704 2500 849 2571 loquentis.
908 2523 910 2525 ·

147 2580 189 2632 At
205 2582 238 2630 tu
255 2574 396 2630 conclusas
413 2573 524 2628 hircinis
541 2573 652 2628 follibus
669 2591 756 2644 auras,

149 2654 243 2722 Usque
260 2651 415 2706 laborantes
433 2650 498 2704 dum
516 2650 620 2704 ferrum
637 2651 743 2706 molliat
758 2651 837 2722 ignis,
980 2668 1002 2704 :o

146 2729 188 2784 Ut
205 2725 291 2782 mavis
307 2726 438 2781 imitarc.’'
474 2725 579 2780 Beatus
597 2726 719 2781 Fannius
736 2728 810 2782 ultro

146 2804 253 2860 Delatis
270 2803 357 2872 capsis
375 2806 404 2856 et
421 2801 554 2870 imagine,
571 2819 634 2859 cum
651 2820 713 2857 mea
729 2820 810 2858 nemo

146 2881 255 2950 Scripta
271 2880 346 2948 legat
362 2878 443 2947 vulgo
461 2879 578 2933 recitare
596 2879 719 2934 timentis
736 2880 771 2935 ob
789 2880 858 2934 hanc
874 2896 941 2947 rom,

146 2957 227 3022 Quod
243 2959 307 3011 sunt
321 2971 389 3025 qnos
401 2970 489 3022 genus
502 2956 554 3009 hoc
567 2955 680 3010 minime
693 2956 781 3024 juvat,
793 2959 890 3024 utpote
902 2956 996 3024 plures

145 3033 257 3101 culpari
274 3032 379 3101 dignos.
414 3030 542 3095 Quemvis
559 3031 652 3085 media
669 3048 734 3086 erue
750 3031 845 3086 truba:
977 3051 1001 3089 aa
1031 3057 1037 3062 ·

146 3108 206 3162 Aut
223 3107 258 3161 ob
276 3108 417 3162 avaritiam
434 3109 483 3159 aut
499 3106 601 3159 misera
617 3106 766 3160 ambitione
784 3106 896 3160 laborat

146 3181 202 3236 Ilio
217 3186 366 3252 nuptarum
383 3182 486 3238 insanit
502 3180 648 3252 amoribus,
666 3181 711 3236 hio
723 3198 887 3251 puerorum3
