2275 3550
124 208 169 258 196
403 206 559 258 HORATII
575 207 705 258 FLACOI

123 286 270 344 Adseiscet
285 304 356 343 novo
372 304 444 357 quae
460 288 569 358 genitor
585 289 749 358 produxerit
764 303 838 344 usus.

123 362 279 434 Vehemens
295 366 326 417 et
342 363 463 433 liquidus
480 380 605 433 puroque
622 364 775 417 simillimus
791 363 865 418 amni
946 380 990 421 120

124 437 235 494 Fundet
251 456 317 509 opes
335 439 500 508 Latiumque
517 439 614 493 beabit
631 438 717 493 divite
733 439 841 508 lingum

124 513 304 569 Luxuriautia
321 519 483 584 compescet,
500 515 582 569 nimis
599 531 697 584 aspera
714 531 780 569 sano

125 589 242 645 Levabit
259 591 342 659 cultu,
359 591 463 645 virtute
480 591 602 644 carentia
618 590 706 659 tollet,

125 665 260 720 Ludentis
276 666 395 736 speeiem
413 666 493 720 dabit
510 669 539 720 et
555 666 740 735 torquebitur,
758 667 791 720 ut
808 669 855 737 qui

125 741 206 796 Nune
223 742 359 811 Satyrum,
377 759 449 796 nunc
466 744 604 810 agrestem
623 742 740 811 Cyclope
756 748 888 797 movetur.
944 757 986 796 125

126 817 308 872 Praetulerim
326 818 443 887 scriptor
459 818 564 871 delirus
582 818 710 886 inersque
725 817 821 885 rideri,

125 892 200 947 Dum
217 910 279 948 mea
295 894 435 948 delectent
452 894 524 947 mala
542 894 648 947 merel
667 893 784 962 denique
801 893 905 960 fallant,

126 969 215 1034 Quam
232 985 329 1039 sapere
347 972 376 1023 et
393 969 472 1037 ringi.
507 969 574 1023 Fuit
590 968 665 1022 haud
681 968 808 1036 ignobilis
825 968 917 1037 Argis,

127 1045 181 1110 Qui
198 1061 229 1101 se
245 1045 378 1100 credebat
394 1045 478 1098 miros
495 1043 592 1099 audire
608 1044 762 1113 tragoedos,

127 1121 162 1175 In
179 1138 263 1176 vacuo
279 1122 369 1175 laetus
385 1137 474 1175 sessor
490 1121 655 1190 plausorque
673 1120 797 1187 theatro;
945 1135 984 1176 rso

127 1197 245 1253 Caetera
262 1197 310 1264 qui
326 1197 401 1250 ritae
418 1199 540 1250 servaret
557 1196 651 1249 munia
665 1199 741 1249 recto

127 1274 213 1340 More,
230 1273 318 1328 bonus
335 1289 400 1327 sane
416 1272 528 1339 vicinus,
546 1271 670 1325 amabilis
687 1271 791 1341 hospes,

128 1350 220 1404 Comis
236 1351 265 1403 in
282 1365 409 1415 uxorem·
420 1352 515 1417 posset
532 1348 579 1416 qui
597 1348 738 1415 ignoscere
755 1347 841 1403 serris

127 1425 165 1479 Et
183 1426 259 1493 signo
276 1424 351 1478 laeso
366 1440 422 1477 uon
439 1423 558 1479 insanire
576 1423 695 1491 lagenae,

128 1501 227 1555 Posset
243 1501 291 1569 qui
308 1516 405 1567 rupem
422 1504 453 1554 et
469 1503 583 1568 puteum
600 1499 688 1553 vitare
706 1501 854 1568 patentem.
945 1513 981 1552 res

128 1575 184 1631 Hie
201 1574 250 1632 ubi
266 1578 443 1650 cognatorum
460 1574 559 1643 opibus
576 1574 704 1644 curisque
721 1575 842 1628 refectus

128 1651 239 1722 Expulit
250 1649 390 1706 helleboro
401 1650 526 1704 morbum
539 1649 678 1718 bilemque
696 1666 803 1704 meraco
913 1666 916 1672 ·

128 1727 167 1784 Et
183 1729 257 1784 redit
274 1727 311 1783 ad
328 1743 403 1783 sese:
421 1725 493 1780 “Pol
510 1742 554 1780 me
572 1724 717 1794 occidistis,
732 1726 819 1795 amici,

129 1804 192 1860 Non
210 1804 365 1871 servastis,''
383 1802 431 1870 ait,
449 1801 512 1856 “eui
530 1801 569 1856 sic
587 1805 697 1856 extorts
713 1802 838 1872 voluptas

129 1881 167 1937 ut
183 1881 312 1950 demptus
329 1878 451 1949 pervim
468 1879 569 1931 mentis
585 1877 757 1946 gratissimus
774 1877 875 1933 error.''
948 1893 981 1932 no

129 1956 267 2013 Nimirum
284 1972 382 2025 sapere
399 1959 444 2010 est
460 1953 576 2023 abjectis
592 1953 662 2008 utile
678 1954 765 2023 nugis,

130 2033 168 2089 Et
184 2033 379 2104 tempestiuum
396 2030 490 2101 pueris
506 2028 656 2083 concedere
673 2029 784 2095 ludum;

130 2112 174 2165 Ac
191 2126 246 2164 non
263 2109 349 2163 verba
366 2107 445 2175 sequi
462 2105 563 2159 fidibus
579 2105 746 2159 modulanda
763 2105 877 2172 Latinis,

130 2186 187 2241 Sed
204 2201 286 2240 verae
306 2199 489 2251 numerosque
507 2179 658 2249 modosque
676 2180 799 2234 ediscere
816 2181 895 2233 vitae.

131 2261 264 2326 Quocirca
280 2275 386 2312 mecum
403 2257 500 2326 loquor
518 2256 585 2310 haec
601 2256 758 2325 tacitusque
775 2256 917 2310 recordor:
949 2270 980 2309 m

130 2336 181 2390 “Si
199 2334 251 2389 tibi
269 2333 344 2387 nulla
361 2332 435 2387 sitim
454 2332 546 2386 finiret
562 2333 641 2400 copis
657 2331 790 2400 lymphae,

131 2412 158 2469 N
159 2426 266 2465 errares
282 2407 410 2473 medicis;
427 2407 502 2477 quod
520 2411 623 2477 quanto
640 2407 721 2476 plura
737 2405 840 2474 perusti

131 2488 219 2544 'lanto
236 2485 316 2555 plura
333 2484 417 2553 cupis,
435 2483 537 2537 nulline
555 2483 668 2537 faterier
685 2482 788 2538 audesl
838 2478 842 2483 ’

131 2564 162 2619 Si
179 2562 277 2623 vulnus
293 2560 345 2615 tibi
362 2563 514 2614 monstrata
530 2558 623 2612 radice
641 2558 683 2612 rel
701 2557 788 2612 herbe

132 2639 195 2695 Non
212 2638 294 2691 fieret
309 2635 404 2704 levius,
422 2636 532 2704 firgeres
549 2633 643 2687 radice
659 2633 703 2686 vel
720 2633 806 2689 herba
949 2646 979 2686 m

133 2714 297 2771 Proficiente
313 2710 381 2765 nihil
400 2710 529 2764 curarier.
565 2709 711 2777 Audimus,
728 2708 773 2763 cui

133 2791 203 2847 Rem
221 2789 250 2844 di
268 2788 402 2842 donarent
418 2785 458 2838 illi
476 2783 611 2839 decedere
628 2801 741 2854 pravam
822 2784 824 2789 '

133 2867 301 2930 Stultitiam3
318 2867 348 2919 et
364 2861 481 2929 cumeis
497 2861 582 2915 nihilo
600 2861 750 2931 sapientior
767 2877 802 2916 ex
820 2879 874 2930 quo

134 2942 245 2998 Plenior
261 2958 299 3009 es,
316 2943 410 2995 tamen
424 2937 513 2991 uteris
530 2937 710 2990 monitoribus
727 2937 835 2990 isdeml

134 3019 176 3073 At
193 3019 217 3072 si
236 3017 349 3071 divitiae
366 3014 531 3084 prudentem
548 3011 667 3066 reddere
684 3015 805 3080 possent,
951 3028 982 3068 res

134 3092 164 3146 Si
181 3093 311 3161 cupidum
327 3090 509 3156 timidumque
526 3086 616 3139 minus
633 3089 669 3151 te,
687 3102 788 3154 nempe
805 3087 920 3142 rubores

134 3165 250 3220 Viveret
267 3167 296 3219 in
313 3166 396 3221 terris
412 3168 442 3218 te
460 3163 483 3218 si
501 3162 563 3231 quis
580 3160 687 3213 avarior
703 3177 764 3216 uno.

135 3237 165 3292 Si
181 3241 322 3308 proprium
338 3244 383 3294 est
399 3238 474 3306 quod
491 3236 553 3303 quis
569 3234 640 3290 libra
656 3239 795 3290 mereatur
811 3242 841 3289 et
857 3254 930 3302 acre,
