2275 3550
411 203 615 263 CARMINUM
633 203 670 251 ΙΙ.
689 205 712 263 2,
732 203 755 251 3.

329 289 455 343 Testatur
472 285 653 353 auditumque
672 284 763 339 Medis

363 362 516 432 Hesperiae
533 363 653 416 sonitum
670 362 783 415 urinae?

295 437 348 503 Qui
365 456 466 507 gurges
483 442 532 493 aut
549 455 620 508 quae
637 438 749 491 flumina
766 430 891 505 lugubris

226 516 230 524 ⁴
295 515 396 584 Ignara
412 514 498 569 bellit
516 514 591 583 quod
607 528 683 568 mare
701 513 826 568 Dauniae

329 591 356 644 N
357 607 392 644 on
411 591 600 645 decoloravere
617 590 734 645 caedesl

364 666 440 730 Quae
457 670 534 721 caret
550 683 599 720 ora
616 683 712 720 cruore
728 666 841 719 uostrol

295 742 352 797 Sed
368 759 404 796 ne
421 742 531 811 relictis,
550 743 631 796 Musa
647 758 755 812 procax,
768 740 840 809 jocis

295 818 367 873 Oeae
384 822 517 873 retractes
534 835 648 872 munera
665 818 779 872 neniae:

330 894 439 948 Mecum
457 895 579 948 Dionaeo
598 894 648 948 snb
666 899 746 948 antro

364 969 470 1035 Quaero
487 970 583 1023 modos
601 970 701 1024 leviore
717 970 828 1038 plectro.

565 1112 606 1166 Il.

295 1196 321 1249 N
325 1213 411 1249 maus
428 1198 541 1263 argento
559 1195 633 1248 color
650 1198 694 1249 est
710 1195 798 1249 araris

296 1271 401 1325 Abdita
413 1271 509 1334 terris,
527 1269 636 1324 inimice
653 1271 759 1324 lamnae

295 1346 392 1415 Crispe
410 1346 529 1401 Sallusti.
546 1346 600 1399 nisi
616 1350 769 1415 temperato

330 1422 480 1491 Splendeat
496 1439 555 1476 usu.

295 1497 380 1552 Vivet
397 1502 509 1553 extento
528 1498 684 1552 Proculeius
702 1514 769 1552 aevo

276 1571 386 1628 'Notus
403 1575 432 1627 in
449 1574 550 1629 fratres
569 1575 652 1628 animi
669 1574 792 1643 paterni3

297 1649 378 1703 Illum
395 1654 460 1718 aget
477 1666 566 1718 penna
583 1654 725 1705 metuente
742 1650 809 1705 solvi
880 1720 883 1725 ᾗ

330 1726 414 1780 Fama
433 1730 579 1795 superstes.

295 1802 392 1856 Latius
410 1818 508 1870 regnes
525 1802 636 1856 avidum
654 1802 790 1856 domando

295 1877 436 1951 Spiritum,
454 1893 536 1945 quam
554 1878 579 1930 si
597 1878 711 1944 Libyam
730 1880 842 1931 remotis

296 1952 420 2007 Gadibus
432 1951 534 2020 jungas
551 1955 582 2006 et
598 1955 715 2021 uterque
734 1952 841 2006 Poenus

333 2028 441 2081 Serviat
458 2028 513 2080 uni.

296 2103 403 2158 Crescit
419 2102 564 2171 indulgens
582 2102 635 2158 sibi
653 2103 729 2157 dirus
746 2103 873 2174 hydrops,
929 2151 931 2154 ,

296 2179 356 2233 Nec
372 2179 447 2233 sitim
463 2179 543 2248 pellit
559 2180 612 2233 nisi
630 2196 711 2233 causa
728 2180 815 2234 morbi
897 2209 899 2212 v

297 2255 412 2323 Fugerit
428 2256 506 2310 venis
523 2259 553 2309 et
570 2272 688 2326 aquosus
707 2256 769 2310 albo

330 2332 450 2400 Corpore
467 2331 588 2399 languor.

296 2407 448 2462 Redditum
467 2407 530 2475 Cyri
549 2406 615 2461 solio
634 2406 770 2462 Phraaten

296 2484 440 2538 Dissidens
457 2483 530 2551 plebi
548 2500 663 2538 numero
680 2484 823 2539 beatorum
841 2553 843 2556 v
939 2499 941 2502 ·

296 2561 401 2615 Eximit
419 2559 524 2627 Virtus,
541 2560 726 2629 populumque
743 2561 818 2614 falsis

331 2636 455 2690 Dedoeet
472 2636 513 2689 uti

296 2711 425 2780 Vocibus,
443 2728 558 2779 regnum
575 2715 606 2766 ct
623 2711 750 2766 diadema
766 2715 857 2769 tntum

296 2786 430 2842 Delerens
446 2788 495 2840 uni
512 2788 706 2857 propriamque
722 2789 828 2842 laurum

298 2862 427 2932 Quisquis
444 2863 570 2932 ingentes
589 2864 666 2918 oculo
683 2864 816 2920 inretorto

332 2939 445 3011 Spectat
461 2955 578 2994 acervos.

557 3084 617 3140 ΙΙΙ.

299 3169 425 3227 Ancora
442 3171 581 3222 memento
599 3167 681 3221 rebus
698 3168 728 3221 in
745 3167 840 3221 arduis

299 3244 414 3297 Servare
431 3247 559 3308 mentem,
577 3260 632 3295 non
650 3259 728 3295 secus
744 3243 773 3295 in
789 3240 868 3296 bonis

884 244 887 249 .
977 199 1009 254 27

984 595 1010 636 35
