2275 3550
402 221 659 272 nrrsronsnou
676 223 700 271 1.
720 223 758 273 ro.
874 255 875 259 η
950 223 1004 300 rar

155 300 238 357 Alter
254 297 363 355 rixatur
377 302 416 355 de
432 303 495 356 lana
512 319 596 372 saepe
613 303 732 371 caprina,
988 316 1013 356 15

155 377 318 446 Propugnat
334 378 413 445 nugis
431 373 566 433 armatus:
585 378 714 432 “Scilicet
730 379 763 431 ut
779 394 835 433 non

155 454 199 508 Sit
217 453 284 507 mihi
304 454 393 523 prima
410 453 487 521 fides,
506 457 535 507 et
552 471 618 508 rere
633 453 707 523 quod
724 452 816 522 placet
833 456 938 508 utnon

156 529 270 583 Acriter
287 530 416 583 elabrem!
454 529 577 584 Pretium
595 534 671 584 aetas
688 529 777 583 altera
794 529 913 584 sordet.'’

156 604 318 673 Ambigitur
330 604 398 673 quid
410 605 500 659 enimi
537 606 635 660 Castor
646 605 715 658 sciat
727 622 762 658 an
774 604 903 658 Dolichos
914 604 977 674 plus
983 624 991 671 ;

156 680 335 734 Brrmdisium
354 680 457 734 Minuci
475 680 573 737 melius
590 681 635 735 via
650 680 735 734 ducat
752 697 788 734 an
806 680 889 750 Appi.
985 696 1012 735 no

157 756 245 820 Quem
264 756 395 809 damnosa
412 756 516 824 Venus,
535 772 618 825 quem
635 772 767 825 praeceps
784 755 844 809 alea
860 754 957 821 nudat,

157 831 251 885 Gloria
269 849 350 901 quem
369 849 452 901 supra
469 833 542 886 vires
560 835 590 886 et
607 830 691 886 'vestit
708 834 738 885 et
754 831 841 899 ungit,

157 907 246 971 Quem
263 912 342 962 tenet
359 908 468 976 argenti
486 909 547 962 sitis
563 908 722 976 importuna
737 906 886 976 famesque,

157 983 246 1046 Quem
262 984 433 1052 paupertatis
450 984 540 1053 pudor
556 987 587 1037 et
603 984 677 1052 iuga,
694 983 773 1036 dives
790 984 894 1055 amicus

157 1058 245 1127 Saepe
263 1058 359 1113 decem
376 1059 451 1113 vitiis
467 1059 629 1112 instructior
646 1058 707 1111 odit
725 1060 755 1111 et
772 1057 880 1112 horret:
988 1069 1014 1113 26

158 1134 218 1187 Aut
236 1133 259 1186 si
276 1137 332 1187 non
349 1134 409 1196 odit
427 1134 507 1202 regit,
527 1150 559 1187 ac
576 1133 662 1187 veluti
679 1132 726 1201 pia
742 1130 843 1186 mater'

157 1208 225 1262 Plus
242 1225 325 1277 quam
343 1225 373 1262 se
391 1199 492 1277 sapere'
504 1212 533 1263 et
550 1207 698 1262 virtutibus
717 1224 778 1260 esse
791 1207 911 1276 priorem

157 1282 235 1352 Vult,
253 1286 282 1337 et
299 1284 340 1337 ait
356 1299 443 1352 prope
459 1300 538 1338 vera:
557 1284 661 1336 “Meae
680 1283 855 1351 (contendere
872 1282 936 1351 noli)

158 1356 311 1411 Stultitiam
329 1357 471 1425 patiuntur
488 1374 570 1427 opes;
587 1356 640 1411 tibi
657 1358 771 1426 parvula
788 1374 832 1412 res
850 1363 905 1413 est:

159 1434 231 1487 Arta
249 1434 330 1487 decet
347 1450 442 1487 sanum
460 1435 588 1487 comitem
606 1437 686 1501 toga3
703 1433 800 1489 desine
817 1451 924 1489 mecum
989 1448 1015 1488 ³0

158 1510 296 1563 Cartare?
332 1509 498 1577 Eutrapelus
515 1511 667 1584 cuicunque
684 1526 783 1564 nocere
799 1509 910 1564 volebat

113 1597 117 1604 ’
157 1584 334 1640 Vestimenta
350 1584 435 1638 dabat
452 1586 587 1654 pretiosa:
607 1585 705 1639 beatus
723 1585 796 1638 eninr
811 1585 872 1653 jam
943 1593 949 1602 ‘

159 1660 228 1715 Oum
246 1660 367 1729 pulchris
384 1660 486 1715 tunicis
504 1663 594 1715 sumet
611 1676 683 1714 nora
699 1662 810 1715 consilia
829 1665 859 1715 et
876 1677 946 1731 spes,

158 1734 285 1791 Dormiet
302 1736 331 1790 in
348 1737 444 1805 lucem,
463 1740 553 1790 scorto
569 1739 718 1806 postponet
735 1730 882 1790 honestum

158 1811 292 1877 Officium,
310 1828 436 1865 nummos
452 1812 555 1865 alienos
572 1815 674 1879 pascet,
692 1811 729 1864 ad
745 1812 830 1863 imum
986 1780 1029 1865 as¹

160 1885 252 1939 Thrax
269 1887 323 1939 erit
340 1890 389 1940 aut
407 1886 512 1939 olitoris
530 1890 595 1954 aget
611 1885 739 1940 mercede
757 1885 899 1941 caballum.

161 1961 301 2014 Arcanum
318 1977 408 2028 neque
426 1964 458 2015 tn
476 1960 643 2015 scrutaberis
660 1960 732 2013 illius
749 1976 877 2029 unquam,

161 2035 396 2103 commissumque
414 2039 492 2103 teges
509 2039 539 2090 et
556 2035 620 2089 rino
636 2038 727 2089 tortus
744 2038 773 2089 ct
790 2037 846 2100 ira;

160 2110 187 2164 N
189 2128 220 2165 ee
237 2113 287 2165 tua
303 2109 429 2165 laudabis
446 2112 538 2165 studia
555 2114 605 2165 aut
622 2110 712 2165 aliena
729 2110 887 2180 reprendes,

160 2187 188 2240 N
189 2204 220 2241 ec
237 2203 299 2242 cum
316 2187 502 2241 venari'volet
519 2188 567 2241 ille
585 2190 713 2255 poemata
729 2203 840 2256 pangas.
989 2201 1013 2242 so

160 2262 258 2317 Gratia
275 2263 315 2317 sic
330 2264 448 2316 fratrum
464 2263 636 2332 geminorum
655 2262 818 2331 Amphionis
835 2266 919 2335 atque

160 2339 239 2392 Zethi
257 2338 383 2407 manua,
402 2338 489 2393 donec
506 2342 635 2408 suspecta
653 2355 748 2393 severo
919 2340 922 2346 '

160 2414 299 2469 Conticuit
316 2416 380 2483 lyra.
416 2414 558 2470 Fraternis
576 2414 691 2468 cessisse
705 2418 820 2484 putatur

161 2489 285 2543 Moribus
303 2488 457 2559 Amphion:
478 2493 511 2544 tu
528 2490 596 2544 cede
614 2490 736 2560 potentis
753 2489 833 2544 amici

161 2564 281 2618 Lenibus
298 2565 428 2633 imperiis,
447 2566 610 2635 quotiesque
628 2564 728 2619 educet
745 2566 774 2618 in
791 2567 870 2634 agios
990 2572 1014 2612 4³

163 2640 269 2695 Aetolis
285 2643 399 2695 onerata
415 2640 504 2717 plagis
518 2641 648 2709 jumenta
665 2657 809 2710 canesque,

162 2716 250 2784 Surge
267 2718 297 2770 et
313 2716 478 2773 inhumanae
496 2717 603 2770 senium
621 2716 728 2785 depone
746 2718 889 2787 Camenae,

162 2791 267 2845 Goenes
282 2794 315 2845 ut
331 2792 437 2861 pariter
453 2792 597 2865 pulmenta
614 2792 753 2846 laboribus
771 2796 880 2861 empta;

162 2866 293 2921 Romanis
310 2868 443 2921 sollemne
459 2867 526 2924 uiris
544 2884 619 2936 opus,
636 2868 705 2922 utile
722 2868 811 2922 famae

161 2941 300 3013 ¹llitaeque
316 2946 346 2998 et
363 2942 501 3015 memhris,
520 2943 684 3021 praesertim
702 2959 764 2997 oum
781 2942 872 2997 valeas
889 2947 920 2997 et
987 2954 1013 2996 oo

164 3016 215 3071 Vel
233 3034 316 3076 eursu
333 3034 463 3086 superare
480 3035 576 3073 canem
593 3019 638 3072 vel
656 3018 760 3072 viribus
777 3033 875 3086 aprum

159 3089 260 3166 Possis.
296 3093 380 3147 Adde
398 3094 488 3148 virilia
506 3094 581 3163 quod
598 3094 747 3164 speciosius
764 3109 841 3147 arma

161 3166 226 3221 Non
243 3171 287 3226 est
304 3169 352 3238 qui
370 3172 486 3227 tractet:
506 3170 566 3238 scis,
586 3186 641 3238 quo
657 3169 775 3224 clamore
794 3183 909 3222 coronae

124 3276 127 3281 ·
162 3242 272 3299 Proelia
289 3243 425 3299 stistineas
442 3244 621 3314 campestria3
643 3244 762 3315 denique
776 3259 886 3298 saevam
