2275 3550
385 190 540 240 HORATII
556 188 689 240 FLACOI

248 272 351 342 Regius
368 272 485 340 sanguis,
505 268 687 338 dominaeque
704 269 780 325 tradi

168 361 172 369 '
247 348 387 405 Barbarae
404 346 648 416 pellea-Aderat
664 347 791 414 querenti

205 476 207 481 .
248 423 389 479 Perfidum
407 422 501 477 ridens
519 421 616 475 Venus
633 425 663 475 et
680 422 793 479 remisso

282 499 369 553 Filius
388 515 461 552 arcu.

247 575 314 630 Mox
330 573 379 627 ubi
396 574 464 629 lusit
481 572 566 628 satis:
586 572 743 642 Abstineto,

246 649 333 717 Dixit,
350 648 454 703 irarum
471 649 632 716 calidaeque
649 647 733 715 rixae,

247 726 317 780 Cum
334 724 386 778 libi
404 725 507 778 inrisus
525 723 671 778 laceranda
690 722 790 778 reddet

283 800 392 853 Cornua
408 802 511 853 taurus.
580 796 581 799 ’
611 816 615 824 ·
705 810 708 817 ’

245 876 325 931 Uxor
342 875 436 929 invicti
454 874 533 928 Jovis
549 890 611 929 esse
628 874 735 931 nescis:

247 952 332 1005 Mitte
350 949 505 1018 singultus3
524 949 594 1003 bene
612 950 685 1003 ferre
702 966 829 1017 magnam

246 1026 330 1080 Disce
347 1025 503 1090 fortunam3
520 1028 569 1079 lua
586 1030 679 1079 sectus
695 1024 770 1080 orbis
942 1046 966 1085 75

168 1135 172 1141 ·
280 1102 400 1157 Nomina
417 1100 507 1155 ducet.

464 1242 608 1298 XXVIII.

247 1327 337 1382 Fnsro
356 1325 425 1396 quid
441 1326 534 1395 potius
553 1325 599 1379 die

282 1402 406 1471 Neptuni
423 1401 542 1455 faciam?
579 1400 678 1453 Prome
695 1400 875 1470 reconditum,

247 1476 324 1546 Lyde
342 1481 460 1542 strenua,
479 1473 636 1529 Caecubum

283 1552 461 1620 Munitaeque
478 1547 581 1603 adhibe
598 1549 654 1603 vim
672 1549 829 1618 sapientiae.

248 1626 386 1680 Incliuare
402 1624 546 1679 meridiem
950 1641 965 1681 s

283 1702 376 1756 Sentis
393 1717 432 1767 ao,
450 1700 536 1754 veluti
554 1702 612 1754 stet
628 1699 745 1754 volucris
762 1700 829 1769 dies,

248 1777 343 1833 Parcis
361 1777 490 1847 deripere
507 1776 608 1831 horreo

283 1855 444 1909 Cessantem
461 1852 555 1908 Bibuli
572 1853 690 1907 eonsrrlis
707 1852 873 1922 amphoram

248 1930 308 1985 Nos
325 1929 497 1984 cantabimus
514 1929 631 1983 invicem

283 2006 446 2075 Neptunum
463 2008 493 2059 et
510 2005 613 2059 virides
631 2004 787 2059 Nereidum
803 2020 913 2070 comas3
941 2020 964 2060 ro

248 2081 291 2135 'Iu
307 2098 390 2135 curva
406 2080 510 2135 recines
527 2080 587 2148 lyra

283 2157 417 2211 Latonam
435 2160 465 2209 et
482 2155 579 2209 celeris
597 2155 702 2223 spicula
719 2156 850 2224 Cynthiae
859 2176 868 2222 ;

250 2231 361 2287 Summo
379 2231 498 2296 carmine
516 2246 588 2297 quae
607 2230 716 2283 Cnidon

285 2306 489 2373 Fulgentesque
506 2307 586 2356 tenet
604 2303 736 2372 Cycladas
753 2308 783 2358 et
800 2305 914 2374 Paphon

250 2382 270 2437 J
272 2381 362 2435 unctis
379 2379 443 2433 visit
460 2377 599 2443 oloribus;
940 2395 964 2436 ιε

283 2456 399 2511 Dicetur
415 2453 516 2507 merita
532 2453 597 2507 Nox
614 2469 723 2522 quoque
740 2454 826 2509 nenia.

485 2602 594 2659 XXIX.

250 2687 410 2741 arannem
426 2701 524 2754 regum
541 2686 692 2756 progenies,
707 2685 759 2741 tibi

251 2762 315 2817 Non
332 2765 397 2816 ante
415 2777 493 2815 verso
510 2761 573 2816 lene
590 2778 696 2815 merum
713 2762 782 2816 cado

285 2838 356 2893 Cum
372 2837 447 2905 flore,
465 2838 618 2905 Maecenas,
635 2854 758 2893 rosarum
775 2840 805 2894 et

322 2913 421 2968 Pressa
437 2914 493 2968 tuis
510 2914 624 2969 balanus
641 2915 745 2983 capillis

250 2989 421 3046 Iamdudum
438 2989 512 3057 apud
529 3007 574 3045 me
592 2994 640 3045 est.
665 2991 748 3059 Eripe
766 2994 796 3046 te
813 2990 923 3058 morae'3
950 3003 975 3047 ε·

250 3065 277 3121 N
279 3084 295 3121 e
314 3076 421 3135 semper
436 3064 522 3119 udum
540 3066 625 3119 Tibur
642 3070 672 3119 et
690 3067 809 3121 Aesulae

285 3140 398 3195 Declive
415 3142 607 3209 contempleris
625 3158 720 3195 arvum
737 3146 767 3196 ot

320 3216 448 3287 Telegoni
460 3217 530 3285 juga
545 3216 706 3286 parricidae.
