2275 3550
438 201 644 252 CARMINUM
660 203 710 254 IV.
730 203 768 252 15.
997 207 1029 254 83

347 283 416 338 (lum
434 284 520 337 saevit
538 284 759 350 horrendamque
776 284 857 339 cultis

380 358 517 412 Diluviem
534 359 687 413 meditatur
704 359 785 428 agris,

312 433 353 487 Ut
369 433 549 493 barbarorum
568 435 700 489 Claudius
717 436 826 503 agmina

312 508 427 564 Ferrata
444 514 521 565 vasto
539 511 626 565 diruit
641 512 749 580 impetu
1004 529 1027 569 oo

345 585 508 655 Primosque
525 591 554 642 et
572 590 710 641 extremos
727 587 856 641 metendo

378 661 484 716 Stravit
501 663 615 716 humum
633 663 692 716 sine
709 662 786 716 clade
803 663 900 732 victor,

309 733 349 790 ΤΘ
366 737 462 806 copias,
479 740 509 792 te
527 738 670 792 consilium
687 740 717 791 et
733 740 796 791 tuos

309 809 463 866 Praebente
481 813 565 868 divos.
601 814 673 867 Nam
690 813 750 881 tibi,
768 812 886 882 quodie

343 886 442 941 Portus
460 888 638 942 Alexandrea
655 888 770 958 supplex

376 963 414 1016 Et
430 980 544 1018 vacuam
560 964 693 1033 patefecit
709 964 807 1033 aulam,

307 1036 430 1092 Fortuna
445 1039 533 1093 lustro
550 1055 682 1107 prospera
699 1039 784 1093 tertio

307 1111 377 1166 Belli
395 1114 528 1168 secundos
544 1114 670 1168 reddidit
687 1114 786 1180 exitus,

340 1188 518 1258 laudemque
537 1194 567 1243 et
585 1192 712 1258 optatum
728 1190 848 1257 peractis

182 1318 192 1325 ,
376 1265 504 1333 Imperiis
521 1265 606 1318 decus
623 1264 768 1331 arrogavit.
997 1282 1022 1324 ao

307 1338 346 1392 ΤΘ
363 1333 500 1393 Cantaber
517 1356 573 1393 non
590 1343 655 1393 ante
672 1338 816 1392 domabilis

212 1458 216 1464 .
308 1413 463 1484 Medusque
481 1418 511 1469 et
529 1415 625 1483 Indue,
641 1418 672 1468 te
688 1414 820 1483 profugus
837 1414 952 1485 Scythes
1032 1446 1034 1449 ·

338 1490 464 1560 Miratur,
484 1507 500 1544 o
518 1490 608 1545 tutela
624 1506 756 1559 praesens

373 1565 471 1620 Italiae
489 1566 672 1636 dominaeque
690 1566 801 1622 Romae.

303 1639 342 1695 ΤΘ
358 1641 475 1695 fontium
493 1642 541 1711 qui
557 1643 631 1696 celat
648 1641 766 1709 origines

239 1733 244 1741 ·
304 1716 438 1786 Nilusque
456 1721 486 1771 et
504 1718 585 1785 Ister,
602 1721 632 1771 te
649 1717 762 1787 rapidus
780 1717 876 1788 Tigris,

337 1793 376 1845 ΤΘ
393 1793 530 1846 belluosus
547 1794 596 1862 qui
613 1794 726 1848 remotis

373 1867 516 1936 Obstrepit
533 1868 659 1921 Oceanus
676 1868 824 1936 Britannis,

303 1942 343 1996 ΤΘ
362 1958 416 1995 non
432 1942 558 2011 paventis
575 1942 673 1995 funera
691 1943 796 1996 Galliae

302 2017 451 2087 Duraeque
468 2017 551 2071 tellus
568 2017 648 2071 audit
665 2017 807 2086 Hiberiae,
993 2039 1018 2080 ω

335 2093 374 2147 ΤΘ
391 2093 475 2147 caede
491 2091 644 2161 gaudentes
662 2092 798 2160 Sigambri
907 2103 910 2108 ’

369 2168 534 2237 Compositis
552 2170 718 2222 venerantur
735 2169 824 2226 amia

559 2301 623 2358 XV.

298 2385 433 2441 Pnonnus
450 2385 589 2440 volentem
605 2383 710 2453 proelia
726 2400 771 2439 me
788 2383 864 2455 loqui

296 2461 393 2516 Victas
409 2464 439 2515 et
456 2461 540 2515 urbes
556 2461 692 2528 increpuit
709 2460 775 2527 lyra,

331 2536 376 2591 Ne
392 2553 477 2605 parva
495 2535 667 2604 Tyrrhenum
683 2551 733 2601 per
749 2551 854 2604 aequor

363 2610 434 2666 Vela
451 2611 555 2666 darem.
583 2611 648 2678 Tua,
668 2610 775 2678 Caesar,
794 2614 871 2666 aetas

295 2685 400 2755 Fruges
418 2690 448 2741 et
466 2685 540 2754 agris
558 2685 668 2739 rettulit
685 2683 800 2738 uberes
998 2701 1013 2744 5

296 2760 334 2815 Et
350 2762 428 2829 signa
444 2764 539 2814 nostro
556 2759 679 2814 restituit
696 2759 761 2813 Jovi

328 2835 453 2904 Derepta
471 2835 637 2889 Parthorum
654 2834 779 2903 superbis

364 2910 500 2977 Postibus,
519 2914 549 2964 et
565 2927 681 2965 vacuum
698 2910 797 2963 duellis

291 2983 396 3039 «Ianum
414 2984 520 3049 Quirini
538 2984 643 3053 elausit,
662 2987 692 3039 et
709 2984 834 3039 ordinem

293 3057 412 3114 Rectum
430 3060 558 3127 evaganti
575 3061 654 3113 frena
670 3059 797 3113 licentiae
984 3075 1008 3118 ro

321 3134 430 3204 Injecit,
449 3135 606 3202 emovitque
623 3135 723 3202 culpas,

361 3209 399 3263 Et
416 3211 525 3263 veteres
542 3209 680 3262 revocavit
697 3211 772 3263 artes

192 3280 207 3325 8
