2275 3550
129 203 175 251 150
402 195 555 244 HORA'I'II
571 192 703 243 FLACGI

128 278 177 336 Ad
193 277 297 334 caelum
314 276 439 330 manibus
456 275 572 329 sublatis
589 274 699 339 dixerit,
718 288 794 340 urge,

128 357 304 413 Crescentem
323 351 437 405 tumidis
454 350 518 404 infla
535 348 706 403 sermonibus
722 353 821 403 utrem.

129 432 199 486 (lum
215 434 245 484 to
263 428 375 482 servitio
392 427 472 496 longo
489 443 609 494 curaque
625 424 732 491 levarit,

129 505 166 561 nt
183 508 288 561 eertum
305 503 427 571 vigilans,
446 502 584 567 Quinum
601 516 643 555 sm
659 514 758 554 rnnrrs
775 500 892 568 Umxns,
946 514 986 556 loo

129 581 266 648 Audieris,
283 594 390 633 nuans:
407 578 496 646 ‘Ergo
513 594 586 630 nunc
604 576 693 629 Dama
711 575 812 628 sodalis

22 720 26 725 ,
128 655 272 725 Nusquam
283 658 326 709 est
336 657 345 709 l
368 653 452 708 Unde
463 654 530 707 mihi
541 656 599 706 tam
610 651 711 705 fortem
722 653 835 719 tamque
844 651 984 706 fideloml‘

129 732 233 801 Sparge
251 729 375 798 subinde,
393 731 430 800 et,
447 731 471 784 si
488 728 600 797 paulum
616 730 704 795 potes,
721 726 898 781 illacrimare:
916 730 962 781 cst

31 840 33 844 ,
129 807 236 861 Gaudia
252 805 415 874 prodentem
433 805 539 858 vultum
556 803 653 858 celare.
690 802 852 870 Sepulcrum

130 881 297 936 Permissum
315 880 428 934 arbitrio
446 881 505 934 sine
522 879 649 932 sordibus
667 882 796 944 exstru03
813 879 896 932 funus
948 892 985 932 105

129 957 247 1026 Egregie
263 957 367 1009 factum
383 955 479 1009 laudet
495 954 602 1009 vicinia.
637 953 668 1008 si
686 955 748 1023 quis

129 1033 214 1087 Forte
231 1031 397 1086 coheredum
415 1029 506 1084 senior
522 1031 595 1084 male
611 1030 720 1096 tussiat,
737 1029 802 1083 huic
818 1032 850 1084 tu

129 1106 190 1175 Dic,
207 1124 243 1162 cx
259 1111 339 1176 parte
355 1109 405 1159 tna
422 1121 471 1159 seu
487 1105 567 1158 fundi
585 1105 643 1158 sive
660 1105 758 1158 domus
776 1105 814 1158 sit

129 1183 252 1252 Emptor,
269 1182 434 1250 gaudentem
452 1197 563 1233 nummo
581 1183 611 1233 tc
629 1179 765 1233 addicere.
801 1180 858 1234 Sed
874 1198 919 1236 mc

130 1258 285 1329 Imperiosa
300 1256 387 1312 trahit
405 1256 583 1325 Proserpina3
599 1255 660 1310 vive
678 1255 815 1324 valeque.’'
950 1271 984 1311 no

530 1398 583 1452 VI

130 1480 193 1534 Hoo
210 1480 295 1535 erat
286 1497 315 1534 m
332 1478 418 1534 votis:
435 1479 533 1532 modus
550 1478 611 1564 agri
628 1479 740 1535 nonita
755 1497 879 1552 magnus,

130 1554 204 1608 Hort
192 1558 237 1608 tus
253 1555 303 1608 ubi
320 1558 350 1608 et
367 1557 442 1608 teoto
460 1554 564 1606 vicinus
577 1554 654 1621 jugis
671 1571 759 1623 aquae
776 1556 836 1610 fons

129 1629 168 1683 Et
182 1631 294 1698 paulum
311 1630 395 1684 silvae
413 1645 495 1697 super
512 1629 555 1682 his
572 1628 652 1684 foret
688 1632 805 1685 Auctius
823 1636 907 1702 atque

129 1703 167 1757 Di
184 1705 280 1758 mehus
296 1704 394 1759 fecere.
429 1704 507 1759 Bene
525 1708 575 1759 est.
610 1705 658 1759 Nil
676 1707 792 1775 amplius
809 1724 864 1776 oro,

106 1787 111 1800 “
129 1781 204 1835 Maia
220 1785 293 1850 nate,
310 1782 363 1835 nisi
380 1784 413 1836 ut
428 1782 540 1853 propria
556 1781 625 1836 haec
642 1782 710 1835 mihi
729 1799 844 1838 munera
860 1782 936 1838 faxis
970 1801 984 1841 s

129 1856 161 1910 Si
178 1873 268 1927 neque
285 1857 418 1925 majorem
436 1857 488 1911 feci
505 1859 612 1912 ratione
629 1857 701 1911 mala
718 1875 778 1912 rem

128 1931 189 1987 Nec
206 1949 266 1986 sum
283 1933 405 1987 facturus
422 1934 490 1987 vitio
507 1934 619 2001 culpave
636 1934 784 1999 minorem;

130 2007 160 2061 si
177 2025 294 2063 veneror
311 2010 412 2065 stultus
429 2008 499 2062 nihil
515 2009 626 2063 horum:
645 2008 684 2062 ‘0
703 2011 727 2063 si
743 2009 859 2079 angulus
875 2010 923 2066 ille

130 2082 276 2140 Proximus
293 2084 407 2137 accedat
424 2084 471 2151 qui
489 2100 562 2137 nunc
581 2084 726 2138 denormat
743 2087 879 2153 agellum!
919 2089 931 2128 ’ί

130 2156 155 2209 Ο
173 2159 197 2210 si
214 2174 310 2212 urnam
327 2158 436 2225 argenti
452 2158 509 2211 fors
526 2174 598 2225 quae
615 2158 682 2211 mihi
699 2164 841 2231 monstret,
852 2164 886 2216 ut
902 2160 942 2214 illi
960 2176 982 2218 ιο

129 2231 267 2285 Thesauro
284 2233 394 2286 invento
413 2233 460 2298 qui
478 2233 663 2285 mercenarius
680 2250 777 2300 agrum

129 2306 212 2360 Illum
228 2307 318 2374 ipsum
335 2309 472 2359 mercatus
489 2305 585 2371 aravit,
603 2306 680 2359 dives
697 2307 785 2360 amico

129 2381 250 2434 Hercule
260 2381 275 2434 !'
287 2381 310 2434 si
322 2379 397 2449 quod
408 2379 489 2433 adest
499 2383 609 2446 gratum
618 2380 707 2448 juvat,
719 2381 771 2434 hac
781 2397 865 2449 prece
877 2387 907 2438 te
918 2402 981 2445 oro:

129 2456 235 2524 Pingue
252 2472 334 2525 pecus
351 2454 462 2508 domino
478 2454 561 2508 facias
567 2459 608 2509 *et
625 2457 717 2509 cetera
733 2460 846 2525 practer

128 2531 280 2599 Ingenium,
292 2533 379 2599 utque
396 2529 468 2583 soles
485 2534 577 2584 custos
594 2530 661 2583 mihi
677 2532 811 2587 maximus
828 2532 911 2589 adsis,
958 2551 980 2593 ιε

83 2669 85 2673 ,
127 2605 201 2673 Ergo
218 2605 266 2660 ubi
283 2623 328 2659 me
345 2606 374 2659 in
391 2609 498 2660 montes
515 2608 545 2660 et
560 2605 590 2659 in
607 2622 698 2662 arcem
715 2625 750 2662 ex
767 2609 839 2663 urbe
856 2611 966 2680 removi,

128 2681 201 2744 Quid
217 2681 294 2750 prius
311 2680 446 2735 illustrem
464 2680 556 2736 satiris
573 2698 705 2751 musaque
722 2684 862 2753 pedestri?

126 2756 153 2811 N
155 2773 187 2810 eo
203 2757 275 2810 mala
291 2772 336 2809 me
353 2756 467 2811 ambitio
484 2757 579 2826 perdit
595 2774 647 2812 neo
663 2759 808 2827 plumbeus
826 2761 931 2816 Auster

126 2834 355 2900 Auctumnusque
371 2833 472 2900 gravis,
488 2833 627 2890 Libitinae
645 2839 776 2903 quaestus
792 2836 920 2891 acerbae..

124 2908 262 2965 Matutine
278 2910 366 2980 pater,
384 2925 434 2963 sou
451 2909 472 2963 J
473 2926 524 2964 ane
541 2908 673 2963 libentius
690 2911 777 2978 audis,
926 2915 945 2985 ι·
955 2927 977 2967 a

124 2983 207 3038 Unde
224 2984 349 3039 homines
366 3001 479 3053 operum
495 2985 601 3055 primos
617 2986 745 3056 vitaeque
761 2986 869 3041 labores

124 3056 288 3127 Instituunt‚
306 3060 345 3113 sio
362 3059 406 3114 dis
422 3060 560 3129 placitum,
578 3063 611 3114 tu
628 3062 755 3115 carminis
772 3065 832 3116 esto

122 3131 300 3224 Principium.
336 3135 440 3190 Musae
458 3152 615 3205 sponsorem
633 3153 678 3191 me
698 3138 779 3206 rapis,
813 3136 873 3205 Ilja,

120 3204 165 3259 Ne
182 3212 258 3276 prior
276 3212 363 3265 officio
382 3212 526 3282 quisquam
544 3211 717 3280 respondeat,
735 3228 811 3283 urge
