2275 3550
124 202 173 250 200
402 201 557 251 HORATII
573 200 704 251 nuncet

125 279 274 334 Aemilium
291 283 363 335 circa
380 278 476 335 ludum
493 280 572 335 faber
588 291 660 335 unus
677 284 709 335 et
725 297 831 348 ungues

124 355 271 425 Exprimet
288 360 319 411 et
336 357 432 411 molles
449 355 604 412 imitabitur
621 372 685 410 aere
703 356 822 426 capillos,

124 430 225 485 Infelix
243 432 334 501 operis
352 449 459 486 summa
476 432 541 502 quia
558 448 661 501 ponere
678 435 769 486 tetum

123 504 151 560 N
152 508 244 562 esciet
281 508 363 562 Hunc
381 524 433 576 ego
445 524 497 575 mc,
518 507 541 561 si
558 502 627 576 quid
641 523 805 576 componere
817 525 921 578 curem,
957 526 988 567 ss

123 581 151 637 N
152 599 186 637 on
203 583 291 651 magis
309 599 370 637 esse
387 583 468 638 velim
487 599 571 653 quam
587 599 655 637 naso
672 583 766 638 vivere
781 600 873 652 prave,

123 657 308 727 Spectandum
326 659 410 728 nigris
428 659 513 713 oculis
530 659 665 729 nigroque
683 659 789 728 capillo.
842 665 844 668 ’
894 727 896 731 Ι

123 733 229 789 Sumite
247 734 390 789 materiam
410 733 509 789 vestris
527 733 576 804 qui
593 733 712 789 scribitis
729 750 846 804 acquam

123 808 238 864 Viribus
256 815 285 865 et
303 814 410 865 versate
427 810 477 864 diu
494 810 562 880 quid
580 810 654 864 ferre
671 814 808 879 recusent,

124 884 197 950 Quid
214 887 323 941 valeant
340 886 455 940 humeri.
491 885 543 939 Oui
560 885 634 940 lecta
650 888 781 955 potenter
798 886 852 941 erit
870 903 924 956 res,
953 904 982 942 4ο

123 960 183 1015 Nec
199 960 327 1016 facundia
345 963 456 1017 deseret
473 961 546 1016 bunc
563 978 616 1016 nec
633 961 740 1015 lucidus
758 962 833 1015 ordo.

123 1036 237 1091 Ordinis
254 1036 322 1091 haec
338 1037 427 1092 virtus
444 1038 499 1091 erit
517 1040 547 1091 et
564 1053 660 1105 venus,
677 1041 727 1090 aut
743 1053 796 1105 ego
813 1037 899 1107 fallor,

123 1113 166 1169 Ut
178 1113 238 1182 jam
255 1130 327 1167 nunc
345 1113 419 1168 dicat
432 1113 493 1182 jam
509 1130 583 1167 nuuc
602 1111 733 1167 debentia
750 1113 813 1178 dici,

124 1188 260 1259 Pleraque
278 1189 388 1243 differat
405 1193 434 1244 et
451 1205 581 1259 praesens
598 1188 627 1242 in
645 1191 755 1255 tempus
772 1189 894 1256 omittat3

123 1264 186 1319 Hoc
204 1268 285 1333 amet,
304 1265 356 1319 hoc
373 1269 486 1334 spernat
502 1264 630 1334 promissi
648 1263 776 1318 carminis
793 1268 896 1320 auctor.
954 1280 981 1321 rs

123 1338 158 1393 In
176 1341 266 1394 verbis
284 1342 367 1396 etiam
384 1341 476 1395 tenuis
493 1344 646 1409 cautusque
663 1340 795 1408 serendis,

123 1415 234 1468 Dixeris
252 1417 363 1484 egregie
381 1420 477 1472 notum
495 1417 518 1470 si
536 1416 637 1470 callida
654 1415 771 1469 verbum

123 1490 290 1545 Reddiderit
303 1491 436 1559 jnnctura
452 1509 560 1547 novum.
597 1491 626 1546 Si
644 1491 717 1545 forte
734 1507 847 1546 necesse
864 1493 909 1548 est

123 1565 237 1620 Iudiciis
254 1571 407 1621 monstrare
424 1567 582 1621 recentibus
599 1565 697 1621 abdita
713 1582 815 1635 renum,

122 1641 240 1710 Fingere
258 1642 387 1697 cinctutis
405 1659 459 1696 uon
478 1642 610 1697 exaudita
629 1642 760 1711 Cethegis
954 1657 980 1699 so

123 1717 277 1788 Continget,
296 1718 462 1790 dabiturque
480 1719 592 1774 licentia
610 1722 720 1788 sumpta
736 1716 890 1789 pudenter;

46 1830 49 1835 »
122 1794 160 1850 Et
176 1812 246 1850 nova
263 1797 382 1866 fictaque
399 1813 487 1865 nuper
504 1795 646 1850 habebunt
663 1794 748 1850 verba·
766 1796 849 1850 fidem
866 1796 891 1850 si

122 1871 227 1926 Graeco
244 1874 320 1927 fonte
337 1872 445 1940 cadent,
463 1888 545 1942 parce
564 1871 683 1926 detorta
720 1870 795 1936 Quid
811 1874 904 1927 autern

122 1946 241 2002 Caecilio
260 1949 413 2018 Plautoque
431 1948 510 2003 dabit
527 1947 667 2001 Romanus
685 1947 847 2015 ademptum

121 2022 239 2093 Virgilio
257 2025 413 2095 Varioquel
449 2025 508 2092 Ego
526 2041 576 2078 cur
593 2023 738 2093 acquirere
755 2040 844 2093 pauca
953 2038 978 2081 ss

122 2099 152 2153 Si
168 2116 279 2168 possum
296 2101 426 2170 invidecr,
443 2117 506 2155 cum
523 2101 617 2168 lingua
635 2099 747 2153 Catonis
764 2102 794 2153 et
813 2100 883 2153 Enni

121 2174 280 2230 Sermonem
290 2177 418 2244 'patrium
436 2176 567 2231 ditaverit
584 2178 615 2230 et
633 2191 704 2229 nova
720 2191 815 2229 rerum

121 2251 239 2305 Nomina
255 2252 419 2320 protuleritl
454 2251 545 2306 Licuit
563 2254 726 2320 semperque
744 2250 839 2306 licebit

121 2325 265 2394 Signatum
282 2329 428 2394 praesente
444 2331 510 2381 nota
526 2325 680 2395 producere
697 2342 804 2381 nemen.

120 2400 163 2454 Ut
180 2400 264 2455 silvae
280 2400 352 2455 foliis
369 2417 469 2470 pronos
487 2406 631 2457 mutantur
647 2402 676 2455 in
693 2418 786 2470 annos,
951 2417 977 2457 so

121 2475 215 2531 Prima
231 2476 348 2532 cadunt:
366 2479 407 2533 ita
423 2477 570 2532 verborum
588 2480 669 2532 vetus
687 2478 784 2533 interit
802 2481 887 2548 aetas,

121 2551 159 2606 ut
172 2551 305 2620 juvenum
323 2552 380 2608 ritu
397 2553 496 2608 florent
512 2553 596 2607 modo
613 2557 679 2608 nata
696 2554 853 2623 vigentque.
875 2616 878 2622 ,

121 2626 263 2682 Debemur
279 2628 362 2682 morti
379 2646 428 2682 nos
446 2632 610 2698 nostraque;
628 2629 685 2682 sive
702 2633 833 2698 receptus

120 2703 206 2758 Terra
224 2704 370 2772 Neptunus
388 2704 487 2759 classes
505 2704 679 2774 aquilonibus
696 2710 781 2773 arcet,

121 2778 207 2847 Regis
224 2795 300 2849 opus,
319 2780 453 2835 sterilisve
470 2779 519 2834 diu
536 2781 614 2850 palus
631 2784 751 2849 aptaque
769 2780 853 2835 remis
953 2795 977 2837 es

120 2853 233 2910 Vicinus
250 2855 332 2913 urbes
350 2856 400 2909 alit
417 2860 447 2910 et
464 2874 548 2925 grave
566 2856 652 2910 sentit
668 2860 800 2924 aratrum,

121 2930 176 2984 Seu
193 2948 302 2984 cursum
319 2932 437 2986 mutavit
453 2932 578 3001 iniquum
595 2931 720 2999 frugibus
738 2931 825 2985 amnis

120 3003 225 3060 Doctus
243 3007 298 3062 iter
314 3006 418 3075 melius,
436 3008 561 3060 mortalia
578 3007 652 3060 facta
668 3006 807 3074 peribunt,

120 3078 231 3133 Nedum
249 3098 403 3136 sermonum
421 3086 478 3135 stet
495 3083 582 3135 honos
599 3085 629 3135 et
644 3083 737 3149 gratia
753 3083 842 3136 vivax,

120 3150 210 3205 Multa
226 3162 404 3211 renascentur
422 3155 566 3224 quaejam
584 3156 717 3224 cecidere,
735 3157 891 3225 cadentque
950 3173 973 3214 ra

120 3223 196 3287 Quae
213 3244 284 3282 nunc
301 3233 411 3287 suntin
428 3231 531 3284 honere
548 3229 686 3299 vocabula
704 3231 728 3285 si
745 3231 821 3287 volet
837 3248 912 3300 usus,

1094 3238 1109 3325 'l
