2275 3550
414 178 672 228 nrrsronnnunr
690 179 712 227 1.
735 179 771 229 ιι.
973 180 1017 229 ιιι
1071 143 1074 148 ’

544 313 641 367 XVII.

165 412 304 479 Quantus,
322 413 431 478 Scaeva,
450 410 517 465 satis
534 426 586 479 per
600 414 631 464 ts
648 408 700 463 tibi
718 408 845 476 consulis,
864 410 893 462 et
912 409 965 462 scis

165 488 226 551 Quo
243 488 355 541 taudem
372 491 453 557 paeto
470 487 568 540 deceat
585 485 736 554 majoribus
754 485 804 550 uti,

165 563 254 631 Disce,
272 564 411 617 docendus
429 562 527 629 adhuc;
544 579 616 631 quae
633 564 727 615 censet
744 560 882 628 amiculus,
900 563 932 614 ιιι
950 559 973 613 si
1065 623 1067 626 v

165 638 270 692 Caecus
287 639 343 691 iter
359 642 513 692 monstrare
531 638 612 703 relit;
630 642 724 690 tamen
744 635 855 710 adspice
874 636 896 688 si
915 636 982 704 quid

165 712 202 766 Et
219 729 270 766 nos
288 713 362 781 quod
380 730 459 766 cures
475 714 617 782 proprium
634 713 731 766 fecisse
750 712 900 780 loquamur.
1006 725 1018 764 e

165 787 195 840 Si
211 792 241 842 te
259 792 339 856 grata
356 787 434 858 quies
452 792 481 842 et
498 790 615 857 primam
633 803 744 842 somnus
762 786 790 839 in
808 786 903 839 horam

116 899 118 903 -
165 863 293 919 Delectat
281 865 342 931 t‚si
360 870 389 919 te
407 865 497 934 pulvis
516 866 702 952 strepitusque
721 866 851 932 rotarum,

165 939 195 992 Si
212 939 298 994 laedit
316 957 444 1009 caupona,
464 941 575 995 Ferent‘
555 945 644 995 tmum
661 941 703 994 ire
717 937 836 1007 jubeb03

165 1015 237 1069 Nam
255 1032 346 1086 neque
364 1016 497 1071 diuitibus
514 1018 678 1105 contingunt
696 1014 797 1084 gaudia
814 1014 885 1083 solis,

157 1091 225 1145 ¹Nec
242 1093 311 1145 vixit
330 1092 400 1146 male
418 1093 466 1160 qui
483 1095 566 1146 natus
584 1093 756 1159 moriensque
774 1089 878 1146 fefellit.
995 1103 1017 1143 10

166 1166 195 1219 Si
212 1168 343 1235 prodesse
361 1168 417 1222 tuis
434 1168 571 1236 pauloque
590 1166 760 1234 benignius
752 1182 842 1234 ipsum

166 1242 205 1295 Te
223 1245 342 1296 tractare
359 1243 442 1310 voles,
461 1243 576 1296 accedes
595 1243 681 1296 siccus
699 1242 736 1295 ad
753 1244 871 1294 unctum.

166 1317 218 1370 “si
235 1317 385 1386 pranderet
402 1284 462 1371 olds
480 1317 619 1388 patienter
637 1316 748 1386 regibus
766 1316 808 1369 uti

165 1392 260 1447 Nullet
279 1394 366 1447 Arist
346 1394 486 1463 tss’ippus
497 1393 550 1447 “Si
568 1394 651 1447 sciret
669 1391 837 1460 renibus
796 1395 837 1454 u

167 1467 317 1523 Fastidiret
333 1470 392 1523 olus
410 1470 457 1539 qui
475 1486 520 1523 me
537 1469 638 1523 nctatss'
676 1469 774 1523 Unus
792 1468 890 1521 horum
994 1480 1016 1520 ιι

167 1543 259 1598 Verba
275 1544 376 1616 probes
393 1550 423 1600 et
440 1546 513 1600 facta
531 1545 607 1612 doce,
625 1544 695 1599 vel'
682 1544 777 1613 Junior
793 1543 858 1597 audi

166 1620 221 1674 Cur
238 1621 275 1675 sit
293 1622 381 1675 Arist
361 1622 430 1691 tippi
448 1621 540 1692 patior
556 1622 707 1687 sententia3
723 1636 842 1688 namque

165 1695 323 1750 Mordacem
342 1697 472 1766 Cynicum
489 1698 528 1751 sic
546 1697 682 1764 eludebat,
700 1698 733 1749 ut
749 1697 840 1756 aiunt;

166 1771 303 1826 “Seurror
321 1790 373 1841 ego
390 1774 450 1842 ipse
467 1773 542 1840 mihi,
559 1774 661 1841 pupulo
678 1777 725 1837 tu;
742 1770 844 1825 rectius
860 1769 912 1824 hue
930 1774 960 1825 et

164 1847 342 1915 Splendidius
354 1849 440 1900 multu
452 1852 501 1902 est.
526 1849 621 1914 Equus
633 1851 665 1900 ιιι
677 1864 722 1900 me
729 1849 830 1914 portet,
844 1846 900 1899 alat
912 1863 970 1912 rex,
992 1864 1016 1901 ru

166 1922 290 1976 Officium
307 1923 388 1976 facio:
407 1925 439 1976 tu
456 1923 546 1991 poscis
563 1922 628 1975 vilia
644 1937 746 1986 rerum,

165 1999 257 2054 Dante
275 1999 364 2052 minor
382 1999 506 2068 quamvis
524 1998 582 2051 fers
598 2001 628 2050 te
647 1996 748 2050 nullius
765 1995 915 2063 egentem.''

82 2124 86 2130 .
166 2074 260 2129 Omnis
280 2075 453 2144 Aristippum
471 2073 564 2128 decuit
582 2073 656 2127 color
674 2076 704 2127 et
723 2075 812 2126 status
829 2076 859 2124 et
876 2087 929 2139 res,

165 2151 328 2205 Tentuntem
345 2151 456 2218 majora,
474 2147 742 2218 ferepraesentibus
760 2163 884 2215 acquum.

75 2231 78 2236 '
164 2226 267 2281 Contra
285 2243 367 2296 quern
385 2226 487 2294 duplici
504 2242 595 2296 panno
612 2224 746 2294 patientia
764 2223 836 2276 velat
992 2231 1036 2277 ιι·

164 2296 289 2356 Mirabar*
302 2302 376 2356 uitae
394 2303 438 2356 via
455 2302 478 2355 si
496 2317 628 2355 conversa
645 2299 763 2367 decebit.

164 2379 245 2434 Alter
261 2395 430 2448 purpureum
447 2394 501 2431 non
519 2375 691 2445 exspectabit
708 2376 847 2441 amictum,

164 2454 305 2518 Quidlibet
321 2454 434 2512 indutus
452 2453 632 2508 celeberrima
649 2468 700 2520 per
717 2451 776 2504 loca
793 2451 883 2518 vadet,

164 2529 365 2598 Personamque
382 2530 454 2584 feret
470 2545 525 2582 non
542 2528 721 2581 inconcinnus
737 2530 884 2594 utramque
893 2545 901 2588 ;

164 2606 246 2659 Alter
263 2605 353 2659 Mileti
370 2609 476 2659 textam
494 2621 560 2658 cane
578 2602 658 2673 pejus
676 2605 705 2657 et
722 2602 804 2670 anguli
991 2619 1015 2658 sn

163 2680 271 2735 Vitabit
288 2681 465 2749 chlamydem,
483 2681 619 2734 morietur
636 2679 739 2746 frigore
757 2678 780 2731 si
798 2695 852 2731 non

11 2744 17 2761 '
48 2778 53 2787 ·
107 2812 109 2818 ,
165 2756 315 2811 Rettuleris
332 2773 459 2825 pannum.
496 2756 581 2809 Refer
599 2759 628 2809 et
646 2755 704 2807 sine
721 2754 796 2807 vivat
813 2754 932 2822 ineptus.

164 2833 221 2886 Res
237 2849 334 2901 gerere
353 2836 383 2885 et
399 2837 492 2900 captos
510 2831 657 2886 ostendere
674 2829 778 2884 civibus
795 2830 888 2883 hostes

164 2908 288 2976 Attingit
305 2907 402 2960 solium
420 2907 438 2959 J
441 2907 498 2960 ovis
516 2910 545 2961 et
562 2906 695 2961 caelestia
711 2909 813 2960 tentat:

164 2982 337 3051 Principibus
354 2983 488 3052 placuisse
506 2981 572 3036 viris
591 2998 644 3035 non
663 2981 760 3034 ultima
776 2980 836 3033 laus
853 2981 903 3033 est.
994 2996 1018 3036 aa

165 3059 227 3115 Non
245 3059 330 3112 cuivis
347 3057 450 3111 homini
468 3058 602 3125 contingit
620 3057 697 3110 adire
716 3054 885 3110 Corinthum.

165 3134 243 3189 Sedit
261 3134 308 3204 qui
326 3133 420 3187 timuit
437 3149 472 3186 ne
489 3150 544 3188 non
562 3132 729 3185 succederet.
765 3131 845 3184 Este!

165 3211 239 3276 Quid
256 3211 304 3281 qul
321 3209 453 3281 pervenit,
470 3209 571 3262 fecitne
588 3207 720 3261 viriliterl
757 3205 844 3274 Atqui

205 3286 234 3330 15
