2275 3550
11 202 15 212 ·
109 183 155 231 106
381 178 537 228 HORATII
551 177 684 227 FLACOI

109 262 246 317 Indormis
262 260 370 314 inhians
387 263 416 313 et
433 264 573 328 tamquam
590 276 702 328 parcere
721 263 804 314 sacris

110 338 221 405 Cogeris
238 341 287 390 aut
302 332 383 405 pictis
401 338 540 403 tamquam
557 336 678 402 gaudere
695 335 811 388 tabellis.

110 412 206 465 Nescis
223 428 276 480 quo
294 412 383 464 valeat
400 411 543 463 nummosi
562 426 644 478 quem
660 410 793 478 praebeat
810 412 907 465 usurni
945 458 958 483 0

111 487 193 540 Panis
211 489 323 552 ematur,
342 485 410 552 olus,
426 485 483 537 vini
501 485 643 551 sextarius,
662 485 734 538 adde

111 561 179 624 Quis
195 561 313 613 humana
332 559 384 613 sibi
402 559 495 613 doleat
511 564 610 613 natura
627 560 740 627 negatis.
936 573 960 615 75

112 638 158 689 An
175 636 286 702 vigilare
304 638 380 688 metu
398 635 557 703 exanimem,
575 639 723 703 noctesque
740 635 855 704 diesque

113 710 272 764 Formidare
290 710 374 763 malos
391 710 473 778 iures,
490 710 623 776 incendia,
643 726 733 763 servos

113 786 140 839 N
141 803 157 839 e
174 790 203 839 te
221 785 367 853 compilent
383 785 526 852 fugientes,
543 785 595 839 hoc
608 785 704 853 jurati
741 786 847 838 Horum

11 884 29 905 ·
114 861 227 930 Semper
244 877 295 928 ego
312 859 429 928 optarim
446 861 635 928 pauperrimus
653 877 713 914 esse
729 860 867 915 bonorum

115 937 179 989 “At
197 936 220 988 si
237 935 374 988 condoluit
391 938 527 989 tentatum
543 935 645 1002 frigore
662 952 767 1004 corpus,
936 951 961 991 so

116 1012 175 1065 Aut
192 1011 260 1064 alius
277 1027 354 1064 casus
367 1008 439 1064 lecto
458 1014 488 1064 te
506 1010 610 1078 adfixit,
628 1010 713 1064 habes
731 1012 778 1080 qui

116 1085 260 1151 Adsideat,
278 1086 399 1139 fomenta
415 1088 501 1153 parct,
518 1086 655 1139 medicum
673 1090 752 1154 roget
768 1089 800 1139 ut
817 1090 847 1140 to

117 1160 237 1214 Suscitet
253 1176 285 1213 ac
301 1161 390 1228 gnatis
407 1160 506 1213 reddat
524 1162 647 1229 carisque
664 1161 845 1229 propinquis?

117 1236 180 1290 Non
195 1252 266 1290 uxor
283 1236 386 1288 salvum
403 1240 432 1289 te
450 1235 515 1301 vult,
533 1252 588 1288 non
605 1236 691 1300 filius3
709 1253 802 1290 omnes

118 1311 208 1364 Vicini
226 1311 349 1378 oderunt,
366 1309 431 1374 noti,
449 1311 527 1379 pueri
545 1314 628 1378 atque
644 1312 758 1379 puellae.
940 1325 964 1366 85

119 1385 236 1453 Miraris,
255 1402 339 1454 quum
356 1389 388 1438 tu
405 1389 518 1452 argento
534 1390 597 1453 post
615 1386 704 1438 omnia
720 1403 812 1454 ponas,

120 1460 149 1515 Si
165 1477 244 1513 nemo
261 1462 383 1527 praestet
401 1476 483 1527 quern
499 1476 553 1512 non
571 1461 701 1513 merearis
719 1462 854 1515 amorem?

120 1536 166 1590 An
185 1534 207 1587 si
224 1538 359 1602 cognatos,
377 1536 450 1587 nullo
467 1539 565 1588 natura
583 1535 675 1589 labore

121 1612 195 1676 Quos
211 1609 263 1663 tibi
280 1609 335 1676 dat,
354 1610 472 1665 retinere
489 1611 556 1663 velis
574 1627 738 1681 servareque
755 1612 862 1681 amieos,

122 1685 222 1740 Infelix
240 1701 350 1753 operam
367 1685 483 1753 perdas?
501 1690 533 1739 ut
550 1686 573 1738 si
591 1687 652 1754 quis
670 1687 783 1740 asellum
942 1701 966 1740 oo

122 1762 157 1816 In
174 1761 275 1830 Campo
293 1759 389 1814 doceat
405 1765 547 1829 parentem
564 1779 674 1817 currere
690 1762 781 1816 frenis.

122 1837 247 1906 Denique
265 1836 301 1890 sit
317 1837 379 1889 finis
397 1838 553 1907 quaerendi,
572 1856 709 1908 quumque
725 1838 827 1892 habeas
843 1836 905 1906 plus

123 1912 285 1982 Paupericm
302 1917 408 1967 metuas
424 1914 513 1968 minus
531 1918 560 1969 et
577 1916 657 1969 finire
674 1914 795 1968 laborem

124 1988 248 2056 Incipias,
265 1992 344 2056 parto
361 1989 436 2057 quod
451 1990 557 2058 avebas,
575 2006 610 2043 ne
627 1990 710 2043 iacias
727 1990 803 2057 quod

123 2063 278 2116 Ummidius
295 2064 420 2131 quidam;
437 2081 492 2118 non
509 2066 590 2132 longa
607 2070 650 2119 est
666 2064 770 2118 fabula:
788 2064 864 2119 dives
943 2078 967 2117 ss

124 2138 164 2191 Ut
181 2138 325 2190 metiretur
342 2154 480 2202 nummos;
497 2140 537 2192 ita
554 2140 682 2193 sordidus
698 2143 731 2192 ut
747 2155 777 2191 se

124 2212 186 2266 Non
203 2228 323 2280 unquam
341 2228 418 2265 servo
435 2213 532 2266 melius
549 2215 678 2277 vestiret;
696 2213 819 2280 adusque

124 2288 286 2355 Supremum
304 2289 419 2353 ternpus,
437 2302 472 2338 ne
490 2302 520 2340 so
537 2288 651 2355 penuria
667 2287 754 2339 victus

124 2361 297 2430 Opprimeret
314 2359 461 2413 metuebat.
496 2362 537 2415 At
553 2361 625 2414 hunc
641 2361 740 2414 liberta
756 2358 844 2413 securi

124 2437 224 2493 Divisit
241 2434 369 2502 medium,
386 2434 533 2490 fortissima
550 2436 772 2505 Tyndaridarum.
933 2450 968 2493 im

125 2511 221 2576 “Quid
238 2510 276 2563 mi
293 2510 378 2577 igitur
394 2509 512 2565 suadesi
530 2515 562 2566 ut
578 2512 667 2565 vivam
684 2511 829 2567 Maeniusi
846 2514 895 2566 aut
912 2512 951 2566 sic

123 2587 164 2641 Ut
181 2586 368 2639 Nomentanus
378 2585 404 2640 i''
439 2585 534 2654 Pergis
550 2587 701 2657 pugnantia
717 2603 809 2641 secum

125 2661 271 2717 Frontibus
287 2660 409 2716 adversis
426 2678 601 2732 componere:
618 2679 672 2716 non
690 2679 741 2731 ego
758 2679 869 2716 avarum

11 2751 12 2792 i
125 2737 214 2801 Quum
232 2739 295 2789 veto
311 2739 341 2789 te
358 2737 418 2791 fieri
433 2755 548 2807 vappam
562 2738 648 2806 jubeo
665 2755 697 2793 ac
713 2738 883 2792 nebulonem.
931 2768 933 2772 Α

124 2812 176 2867 Est
192 2812 265 2865 inter
282 2812 385 2865 Tanain
403 2813 533 2885 quiddam
551 2830 727 2883 socerumque
745 2813 850 2868 Viselii.
937 2827 969 2869 105

124 2888 175 2942 Est
192 2888 289 2940 modus
306 2888 335 2941 in
352 2888 440 2957 rebus,
458 2893 523 2943 sunt
540 2890 609 2945 certi
626 2890 745 2958 denique
762 2889 837 2957 fines,

125 2962 199 3025 Quos
215 2962 289 3016 ultra
305 2963 428 3034 citraque
445 2966 542 3033 nequit
558 2966 708 3020 consistere
725 2967 784 3017 rect
830 3003 837 3017 .

126 3036 195 3091 Illuc
211 3038 286 3091 undo
303 3038 357 3092 abii
374 3040 466 3108 redeo,
482 3057 562 3094 nemo
580 3043 612 3093 ut
629 3056 727 3095 avarus

125 3111 161 3164 Se
178 3113 277 3180 probet
293 3130 325 3167 aa
341 3116 432 3183 potius
449 3116 544 3169 laudet
561 3115 670 3169 diversa
687 3117 839 3182 sequentes,

12 3183 14 3272 ζ
126 3184 259 3253 Quodque
276 3188 365 3243 aliena
380 3189 482 3258 capelia
497 3193 578 3258 gerat
595 3189 742 3245 distentius
758 3188 827 3240 uber
940 3200 971 3240 uo
