2275 3550
360 220 362 224 '
464 209 534 259 Ans
550 207 713 258 remon.
971 212 1016 260 201

164 291 252 357 Quem
269 305 355 360 penes
371 275 517 345 arbitrium
534 294 579 344 est
596 293 626 344 et
640 289 688 358 jus
706 291 736 343 et
753 305 850 345 norma
866 289 1004 360 loquendi.
1104 323 1109 344 ·.

164 366 222 420 Res
239 370 334 434 gestae
352 382 504 435 regumque
523 366 680 434 ducumque
697 369 727 419 et
744 361 836 419 tristia
853 364 926 419 bella

164 441 225 507 Quo
242 439 325 495 scribi
341 445 455 509 possent
471 458 586 495 numero
604 441 768 496 monstravit
787 441 931 496 Homerus.

163 515 300 572 Versibus
316 511 460 585 impariter
472 516 578 586 junctis
596 517 766 586 querimonia
782 517 909 586 primum,
998 534 1022 575 7⁵

165 593 232 648 Post
250 593 333 648 etiam
350 592 455 646 melosa
471 596 516 646 est
533 592 591 647 voti
609 592 748 647 sententia
765 608 887 661 compos:
916 637 920 644 .

164 668 233 733 Quis
248 672 342 724 tamen
359 668 473 737 exiguos
490 667 584 737 elegos
601 668 726 723 emiserit
743 671 847 736 auctor,

164 743 343 799 Grammatici
359 747 466 799 certam
484 747 514 798 et
529 744 620 798 adhuc
637 743 798 812 subjudice
814 744 848 797 lis
866 747 915 799 est

165 819 359 874 Archilochum
375 819 486 889 proprio
503 818 595 873 rabies
611 820 728 874 armavit
745 818 851 885 iambo;

1116 433 1120 484 l

1117 671 1121 702 l

164 896 247 949 Hunc
265 895 336 960 socci
352 911 452 965 cepere
468 895 569 965 pedem
586 895 760 965 grandesque
777 894 910 964 cothurni,
997 910 1021 948 m
1120 911 1121 914 ¹

165 971 290 1025 Alternis
307 974 403 1041 aptum
421 970 592 1025 sermonibus
610 974 640 1025 et
656 971 802 1039 populares

164 1045 327 1101 Vincentem
345 1047 478 1115 strepitus
496 1050 526 1101 et
543 1050 640 1101 natum
657 1045 740 1100 rebus
758 1045 878 1114 agendis.

164 1121 246 1176 Musa
264 1121 344 1177 dedit
361 1122 464 1176 fidibus
482 1122 559 1177 divos
577 1137 732 1191 puerosque
750 1121 865 1175 deorum

165 1197 203 1253 Et
220 1198 342 1267 pugilem
359 1198 490 1252 victorem
508 1201 539 1252 et
555 1214 658 1266 equum
675 1197 824 1252 certamine
841 1197 959 1267 primum

165 1274 203 1328 Et
217 1273 350 1342 juvenum
368 1289 448 1327 curas
465 1276 495 1328 et
512 1273 600 1327 libera
616 1274 679 1327 vina
695 1273 806 1328 referre.
996 1287 1020 1328 ss

165 1350 320 1420 Discriptas
337 1366 446 1404 servare
464 1349 536 1404 vices
555 1365 722 1419 operumque
739 1349 844 1404 colores

79 1492 85 1499 Ι
166 1426 223 1480 Gur
241 1443 292 1495 ego
311 1426 334 1480 si
351 1441 458 1495 nequeo
475 1426 627 1495 ignoroque
643 1429 726 1494 poeta
742 1426 864 1480 solutori

166 1503 223 1557 Cur
239 1503 346 1557 nescire
363 1502 471 1572 pudens
487 1517 573 1570 prave
590 1517 672 1569 quam
690 1501 795 1556 discere
812 1501 903 1556 maloi

165 1578 300 1633 Versibus
318 1577 418 1648 exponi
434 1577 548 1646 tragicis
564 1593 610 1632 res
627 1577 731 1631 comica
746 1594 800 1632 non
818 1577 893 1641 vult3
944 1589 947 1594 ’

164 1654 333 1723 Indignatur
349 1655 418 1709 item
435 1653 551 1722 privatis
567 1669 600 1706 ac
616 1670 703 1722 prope
719 1669 797 1707 socco
980 1661 1017 1720 Ι9ο

166 1730 264 1801 Dignis
281 1730 446 1788 carminibus
463 1728 570 1784 narrari
587 1745 671 1784 coena
688 1728 828 1798 Thyestae.

166 1807 278 1877 Singula
295 1822 421 1876 quaeque
438 1806 527 1859 locum
544 1808 659 1859 teneant
676 1805 772 1859 sortita
790 1806 926 1859 decenter.

166 1882 313 1938 Interdum
330 1886 425 1936 tamen
443 1885 473 1936 et
488 1897 584 1935 vocem
602 1879 743 1934 comoedia
759 1880 839 1948 tollit,

167 1959 314 2030 Iratusque
332 1958 464 2013 Chremes
480 1955 588 2011 tumido
606 1955 734 2023 delitigat
751 1971 813 2020 ore;

166 2035 204 2090 Et
221 2036 341 2104 tragicus
358 2034 521 2104 plerumque
538 2032 615 2086 dolet
634 2047 758 2085 sermone
775 2031 899 2101 pedestri
996 2046 1020 2088 os

166 2110 302 2180 Telephus
320 2112 351 2165 et
368 2108 474 2176 Peleus,
493 2125 555 2163 cum
573 2123 677 2177 pauper
694 2110 724 2161 et
741 2108 819 2161 exsul
836 2112 954 2177 uterque

166 2185 281 2255 Projicit
299 2185 433 2254 umprdlas
452 2187 482 2240 et
500 2182 703 2253 sesquipedalia
721 2183 812 2252 verba,

166 2261 196 2317 Si
214 2266 293 2317 curat
312 2278 360 2316 cor
379 2260 529 2330 spectantis
548 2260 676 2328 tetigisse
694 2259 813 2328 querela

165 2337 193 2392 N
194 2355 230 2393 on
247 2339 314 2394 satis
331 2341 375 2392 est
393 2336 507 2407 pulchra
524 2352 585 2390 esse
602 2340 744 2406 po'e'mnta;
761 2334 852 2390 drdcia
869 2341 950 2392 sunto

165 2414 203 2470 nt
222 2432 384 2485 quocunque
403 2414 496 2468 volent
513 2413 634 2467 animum
652 2410 786 2466 auditoris
804 2416 914 2480 agtmtu
987 2428 1020 2469 roo

165 2489 206 2545 Ut
223 2491 377 2545 ridentibus
394 2489 527 2558 arrident,
546 2489 587 2542 ita
605 2487 734 2542 flentibus
751 2488 853 2542 adsunt

166 2566 289 2622 Humani
306 2568 413 2622 vidtus:
431 2567 455 2621 si
473 2567 514 2620 vis
532 2582 578 2619 me
597 2564 664 2619 llere
682 2563 830 2618 dolendum
848 2567 892 2619 est

167 2640 289 2697 Primum
307 2644 360 2713 ipsi
377 2642 444 2697 tibi:
462 2646 529 2697 tnnc
545 2645 596 2696 tua
612 2657 657 2695 me
674 2641 822 2695 infortunia
838 2640 957 2711 laedent,

166 2716 285 2787 Telephe
303 2719 346 2773 vel
366 2718 465 2784 Peleu;
482 2718 554 2772 male
571 2717 595 2770 si
615 2717 745 2770 mandata
761 2717 881 2784 loqueris

166 2794 227 2848 Aut
244 2793 400 2850 dormitabo¹
414 2796 463 2847 aut
480 2791 585 2847 ridebo.
620 2792 720 2847 Tristia
737 2797 872 2847 maestum
886 2814 891 2837 ι
986 2807 1019 2849 ns

166 2867 282 2923 Vultum
300 2868 384 2923 verba
401 2869 507 2937 decent,
525 2868 627 2922 iratum
644 2867 725 2936 plena
742 2867 885 2934 minarum,

166 2943 321 2999 Ludentem
338 2944 446 3012 lasciva,
464 2959 591 3007 seuerum
609 2942 681 2997 seria
698 2942 782 2997 dictu.

166 3018 279 3075 Format
297 3019 370 3075 enim
386 3023 485 3074 natura
501 3020 578 3088 prins
594 3034 644 3072 nos
660 3018 736 3071 intus
753 3017 790 3070 ad
807 3033 914 3071 omnem

166 3094 350 3150 Fortunarum
367 3093 507 3160 habitum3
520 3094 602 3163 juvat
618 3096 668 3147 aut
684 3092 802 3161 impellit
819 3093 941 3146 adirem

166 3172 226 3226 Aut
243 3171 280 3226 ad
298 3172 411 3229 humum
428 3186 551 3224 maerore
568 3169 645 3237 gravi
663 3168 776 3222 deducit
793 3171 823 3223 et
840 3168 931 3237 angit;
986 3185 1017 3224 nc

166 3246 233 3303 Post
250 3248 331 3304 effert
347 3247 432 3303 animi
448 3249 540 3300 motus
558 3246 711 3314 interprete
728 3244 828 3310 lingna.
