2275 3550
429 210 638 259 CARMINUM
655 210 708 258 111.
726 210 768 262 27.
996 212 1028 257 65

310 292 357 348 Sic
372 293 403 346 et
420 291 529 359 Europe
547 290 658 344 niveurn
678 289 773 344 doloso
1002 303 1027 344 aa

311 366 438 422 Credidit
455 370 534 420 tauro
551 366 625 420 latus
643 369 673 419 et
691 368 843 419 scatentem

309 442 415 497 Belluis
432 445 546 510 pontum
563 441 725 511 mediasque
742 440 855 495 fraudes
931 482 934 487 .

348 517 451 571 Palluit
468 517 567 572 audax.

310 594 407 661 Nuper
424 593 453 645 in
470 593 557 661 pratis
575 591 698 647 studiosa
715 591 813 645 florum
832 593 862 646 et

310 669 429 723 Debitae
446 668 580 736 Nymphis
597 668 689 736 opifex
707 682 823 721 eoronae

309 745 337 799 N
338 750 400 798 oete
417 743 548 797 sublustri
562 743 635 796 nihil
651 747 728 796 astra
743 745 855 810 praeter

216 832 218 835 ’
346 819 474 873 Vidit‘et
491 819 588 873 undas,

310 897 387 962 Quae
405 894 486 948 simul
503 898 615 949 eentum
632 893 729 961 tetigit
747 895 888 961 potentem

310 971 427 1040 Oppidis
445 970 563 1024 Creten:
583 971 673 1035 Pater,
691 985 707 1022 ο
725 969 852 1023 relietum

310 1046 397 1101 Filiae
413 1063 512 1100 nornen
528 1047 680 1114 pietasque,
699 1044 778 1110 dixit,

311 1158 314 1164 ·
345 1123 428 1176 Victa
444 1122 553 1177 furere!
637 1158 640 1164 Α

309 1197 394 1252 Unde
410 1214 464 1266 quo
482 1197 563 1251 venii
599 1195 681 1249 Levis
698 1211 755 1248 una
772 1211 847 1248 mors
865 1199 908 1251 est

310 1274 456 1341 Virginurn
473 1273 578 1341 eulpae.
612 1270 774 1339 vigilansne
792 1271 871 1338 ploro

310 1349 401 1417 Turpe
417 1347 599 1415 commissum,
615 1362 651 1400 an
668 1346 744 1399 vitiis
761 1349 900 1400 carentem

346 1424 432 1477 Ludit
450 1423 540 1492 imago

310 1500 390 1555 Vana
407 1516 479 1569 quae
495 1502 577 1568 perta
592 1499 700 1568 fugiens
717 1497 822 1553 eburna
842 1540 854 1553 -,

311 1575 450 1631 Somnium
468 1575 563 1631 ducit?
598 1576 735 1629 Meliusne
751 1575 853 1628 fluetus

311 1651 359 1706 Ire
376 1667 427 1720 per
442 1651 539 1719 longos
556 1651 612 1706 fuit
628 1667 665 1705 an
682 1656 810 1705 recentes
856 1664 859 1669 ’

346 1728 467 1797 Carpere
484 1727 584 1783 fioresl
684 1754 686 1760 ¹
953 1789 958 1798 l

311 1803 341 1858 si
358 1804 421 1873 quis
437 1803 570 1857 infamem
584 1803 652 1857 mihi
668 1817 741 1857 nune
752 1799 902 1871 juvencum

311 1879 406 1932 Dedat
422 1878 511 1932 iratae
528 1877 651 1933 lacerare
668 1878 743 1931 ferro
760 1881 791 1931 et

311 1954 452 2021 Frangere
469 1954 560 2007 enitar
576 1953 659 2006 medo
675 1954 793 2006 multum
813 1953 898 2008 amati

348 2030 456 2084 Cornua
473 2029 596 2083 monstri.

313 2102 464 2174 Impudens
481 2104 549 2173 liqui
566 2102 670 2172 patrios
689 2105 815 2173 Penates,

313 2180 465 2249 Impudens
482 2179 584 2234 Oreum
602 2196 700 2235 moror.
736 2180 893 2235 Cdeorum

313 2257 343 2312 si
361 2256 423 2325 quis
441 2256 508 2310 haee
524 2255 612 2323 audis,
630 2256 736 2309 utinam
753 2257 828 2311 inter
845 2254 935 2311 errem

345 2331 430 2386 Nuda
446 2331 556 2385 leones!
927 2385 929 2389 .

313 2409 471 2478 Antequam
488 2406 578 2475 turpis
595 2407 696 2462 macies
713 2406 859 2462 decentes-

312 2484 435 2553 Oceupet
452 2483 537 2538 malas
553 2488 723 2553 teneraeque
740 2499 835 2537 succus

312 2559 424 2614 Defluat
440 2558 566 2628 praedae,
585 2561 707 2628 speciosa
724 2574 827 2628 quaero

349 2636 465 2689 Pascere
482 2636 575 2703 tigres.

313 2710 519 2780 Vilis'Europe,
537 2713 620 2779 pater
636 2712 718 2777 urget
734 2708 850 2766 absens:

313 2787 387 2852 Quid
403 2786 472 2839 mori
490 2787 600 2841 cessas?
636 2784 719 2838 Potes
735 2784 787 2837 hae
804 2784 839 2837 ab
856 2798 922 2839 orne

313 2861 468 2916 Pendulum
485 2878 552 2915 zona
567 2861 640 2915 bene
657 2864 688 2915 te
705 2863 800 2914 secuta

348 2937 470 2991 Laedere
488 2937 593 2991 collum.

313 3011 376 3066 Sive
393 3016 423 3067 te
440 3029 522 3081 rupes
539 3016 568 3066 et
585 3015 666 3067 acuta
682 3012 739 3067 leto

313 3087 386 3141 Saxa
402 3089 542 3142 delectant
559 3105 610 3155 age
627 3094 657 3142 te
673 3088 809 3158 procellae
827 3085 829 3087 ’

313 3162 403 3217 Crede
421 3165 512 3230 veleri,
530 3164 583 3217 nisi
602 3163 689 3216 herile
705 3164 792 3216 maris

299 3271 301 3274 -
347 3238 468 3307 Carpere
484 3253 601 3307 pensum
