2275 3550
432 204 638 260 CARMINUM
654 210 692 259 ΙΙ.
712 211 750 259 14,
987 213 1019 258 35

269 289 308 347 Et
325 290 460 360 quidquid
476 307 593 360 usquam
610 288 761 358 concipitur
779 292 855 341 nefas

189 372 195 385 '
270 366 416 434 Praeterit,
434 383 499 434 agro
517 366 564 435 qui
583 365 682 420 statuit
698 381 760 418 meo
997 377 1018 418 ro

304 442 350 509 Te,
367 442 448 496 triste
464 443 576 510 lignum,
593 445 631 495 te.
640 440 774 494 caducum

339 517 374 570 In
392 518 496 571 domini
512 521 595 586 eaput
611 515 789 570 immerentis.

272 591 345 658 Quid
361 594 477 662 quisque
494 595 564 647 vitet
581 607 721 660 nunquam
738 589 842 643 homini
859 587 927 643 satis

272 668 388 724 vaurum
405 673 449 723 cst
465 669 494 722 in
511 669 608 722 horas:
625 668 718 721 navita
736 667 889 735 Bosporum

305 743 414 798 Poenus
430 744 615 817 perhorrescit
631 760 721 811 neque
737 743 812 796 ultra

339 819 427 874 Caeca
442 820 523 874 timet
540 819 652 873 aliunde
668 820 734 886 fata,

271 891 352 948 Miles
370 896 484 964 sagittas
501 899 531 950 et
548 895 665 949 celerem
682 895 776 962 fugam

271 968 375 1035 Parthi,
393 975 504 1026 catenas
523 970 642 1025 Parthus
660 973 689 1024 et
708 969 811 1024 Italiun

158 1061 179 1091 ·.
304 1045 417 1112 Robur;
434 1047 486 1101 sed
502 1047 649 1116 improvisa
665 1047 716 1101 leti

338 1121 390 1176 Vis
406 1123 499 1191 rapuit
515 1123 661 1191 rapietque
678 1124 784 1189 gentes.
906 1153 908 1159 ι
995 1137 1019 1171 ao

270 1194 358 1260 Quam
374 1212 462 1264 paene
479 1198 575 1251 furvae
592 1214 678 1265 regna
696 1193 877 1262 Proserpinae

271 1269 307 1326 llt
319 1270 492 1339 judicantem
509 1272 629 1325 vidimus
647 1272 770 1325 Aeacum

177 1373 180 1377 Δ
304 1347 446 1416 Sedesquc
465 1348 600 1402 discretas
613 1346 726 1416 ‘piorum
743 1347 773 1399 et

341 1418 444 1477 Aeoliis
461 1423 563 1478 fidibus
581 1426 745 1493 querentem

270 1494 380 1566 Sappho
397 1499 496 1566 puellis
515 1499 551 1552 de
568 1498 754 1568 popularibus,

270 1570 308 1626 Ilt
324 1576 355 1627 te
371 1578 514 1629 sonantem
531 1574 639 1644 plenius
656 1589 747 1641 aureo,

305 1649 416 1718 Alcaeo,
434 1646 539 1720 plectro
558 1650 629 1704 dura
645 1651 729 1714 naris,

339 1725 417 1780 Dura
434 1727 515 1795 fugae
532 1726 611 1794 mala,
631 1726 701 1780 dura
717 1724 801 1782 belli!

159 1859 164 1868 ,
270 1798 425 1869 Utrumque
442 1818 518 1856 sacro
536 1803 621 1870 digna
638 1803 749 1857 silentio

269 1875 407 1929 Mirantur
423 1878 537 1931 umbrae
555 1878 666 1942 dicere3
684 1877 735 1931 sed
752 1877 837 1944 magis
997 1880 1020 1918 ³⁰

258 1990 261 1995 -
304 1941 415 2020 Pugnae
432 1955 462 2006 et
479 1955 591 2006 exactos
607 1956 739 2019 tyrannos

338 2027 462 2080 Densum
478 2027 604 2081 humerisv
618 2026 689 2080 bibit
706 2043 773 2080 aure
789 2026 894 2094 vulgus.

272 2099 345 2167 Quid
361 2102 468 2170 mirum,
485 2102 535 2156 ubi
551 2102 605 2155 illis
623 2101 787 2156 carminibus
804 2106 917 2171 stupens

272 2175 401 2232 Demittit
418 2182 492 2232 atras
510 2178 603 2253 bellua
620 2178 759 2254 centiceps

303 2253 395 2308 Aures
412 2258 442 2308 et
459 2254 554 2309 intorti
572 2254 676 2323 capillis

338 2330 521 2384 Eumenidum
538 2334 697 2384 recreantur
713 2328 835 2398 angues?

270 2403 342 2469 Quin
360 2408 389 2459 et
408 2405 589 2460 Prometheus
605 2410 639 2461 et·
654 2406 764 2475 Pelopis
779 2420 880 2474 parens

265 2477 344 2535 Dulci
360 2480 484 2535 laborum
502 2481 641 2550 decipitur
658 2497 724 2535 sono
733 2502 748 2547 ;.

302 2556 364 2611 Nec
381 2560 459 2611 curat
477 2556 562 2611 Orion
580 2557 673 2630 leones

338 2633 398 2688 Aut
414 2631 527 2689 timidos
543 2633 649 2703 agitare
665 2632 763 2701 lyncas.
995 2650 1018 2688 ro

553 2774 633 2829 XIV.

271 2853 354 2910 Eunu
369 2855 487 2925 fugaces,
507 2858 645 2924 Postume,
664 2856 802 2924 Postume,

271 2929 414 2985 Labuntur
430 2933 501 2999 anni,
519 2949 569 2986 nec
586 2933 675 3001 pietas
691 2947 796 2986 moram

303 3006 391 3074 Rugis
408 3011 438 3061 et
454 3008 568 3061 instanti
587 3011 713 3062 senectae

338 3082 447 3136 Afferet
462 3082 668 3151 indomitaeque
685 3082 810 3149 morti,-

270 3154 341 3223 Non,
358 3157 382 3210 si
399 3157 527 3225 trecenis,
545 3160 680 3227 quotquot
698 3160 766 3210 eunt
783 3158 849 3223 (Res,
1002 3153 1015 3191 ⁵

270 3231 375 3301 Amice,
391 3232 483 3301 places
499 3231 712 3296 illacrimabilem
