2275 3550
270 456 310 536 a,
350 451 606 520 Horam-1
645 450 861 517 aaaeei

408 604 724 674 caaurauar

462 780 590 838 LIBER
610 777 666 839 IV.

553 952 578 1007 Ι.

277 1036 456 1104 laruarum,
474 1035 578 1102 Venus,
596 1036 645 1089 diu

311 1112 416 1164 Rursus
433 1110 506 1164 bella
521 1112 633 1164 moves?
657 1110 750 1178 Parce,
766 1127 871 1180 precor,
886 1128 991 1181 precor.

276 1185 339 1240 Non
356 1202 416 1238 amn
434 1183 523 1253 qualis
539 1200 616 1237 eram
632 1184 721 1238 bonae

311 1259 368 1314 Sub
386 1275 471 1327 regno
489 1259 612 1312 Cinarae.
648 1258 759 1326 Desine,
778 1259 897 1313 dulcium

276 1334 369 1389 Mater
385 1350 474 1400 saeva,
485 1333 658 1402 Cupidinum,
979 1351 993 1389 ⁵

311 1410 389 1463 Circa
405 1410 493 1463 lustra
510 1409 606 1462 decem
622 1409 736 1463 flectere
753 1407 880 1463 mollibus

275 1485 339 1540 Jam
356 1485 456 1538 durum
473 1485 610 1553 imperiis:
627 1484 674 1537 abi

310 1561 369 1625 Quo
387 1559 505 1614 blandae
517 1559 652 1627 juvenum
669 1562 699 1614 te
716 1562 846 1614 revocant
863 1560 967 1629 prccea.

275 1635 474 1705 Tempestivius
490 1635 519 1688 in
538 1635 649 1688 domum

310 1711 397 1765 Paulli
414 1710 560 1781 purpureis
578 1711 635 1763 ales
651 1710 773 1764 oloribus
967 1725 993 1767 m

276 1786 493 1842 Commissabere
511 1786 633 1853 Maximi,

309 1862 340 1916 Si
356 1865 461 1915 torrere
474 1860 556 1929 jecur
573 1861 683 1928 quaeris
699 1860 846 1916 idoneum:

276 1936 402 2005 Namque
419 1939 450 1989 et
465 1934 564 1988 nabilis
581 1940 610 1988 et
627 1935 728 1989 decens

310 2012 348 2065 m
364 2027 414 2080 pro
432 2010 554 2063 sollicitis
571 2025 626 2063 nou
643 2012 743 2065 tacitus
759 2010 816 2064 reis

276 2088 314 2145 m
331 2089 442 2141 centum
459 2101 529 2154 puer
545 2084 646 2138 artium
970 2104 993 2142 ra

310 2162 380 2216 Late
397 2161 474 2229 signa
491 2159 563 2214 feret
580 2160 695 2214 militiae
712 2165 784 2229 tuae,

277 2239 314 2295 Et
332 2237 496 2307 quandoque
513 2236 654 2305 potentior

311 2312 394 2381 Largi
411 2307 571 2366 muneribus
588 2311 682 2366 usarii
699 2312 799 2368 aemuli

262 2389 400 2445 albanos
416 2404 502 2457 prope
518 2390 548 2441 te
564 2387 641 2441 laem

311 2464 399 2518 Ponet
415 2478 597 2516 marmoream
615 2462 764 2518 subtrahe
781 2464 875 2522 citrea.
968 2480 994 2520 ac

277 2538 338 2593 Illic
355 2538 472 2607 plurima
489 2538 602 2591 naribus
752 2590 761 2603 x

311 2615 402 2669 Duces
419 2614 508 2680 thura,
526 2614 656 2684 lyraeque
673 2616 704 2669 cl
722 2614 900 2686 Berecyntiae

277 2689 458 2745 Delectabere
475 2689 560 2744 tibiae

310 2766 407 2820 Mixtie
424 2764 592 2819 carminibus
607 2780 662 2817 non
680 2764 740 2819 eine
757 2765 866 2834 fistula3

278 2840 339 2897 Illic
353 2840 400 2894 bis
416 2841 495 2909 pueri
513 2840 559 2893 die
969 2859 995 2897 aa

310 2917 420 2970 Numen
438 2932 499 2968 cum
516 2915 622 2969 teneris
639 2915 793 2984 virginibus
809 2920 890 2972 cuum

277 2991 434 3045 laudantes
451 2990 523 3058 pede
540 2990 659 3044 candido
891 3060 893 3063 Α

311 3068 345 3119 ln
363 3081 466 3119 morem
485 3065 588 3119 Salium
606 3071 651 3119 ter
668 3067 794 3134 quatient
811 3067 930 3124 humum.

276 3140 324 3197 Me
341 3157 392 3195 nec
408 3141 510 3194 femina
528 3156 579 3193 nec
595 3157 665 3209 puer

310 3217 330 3271 J
332 3232 377 3270 am
393 3231 445 3270 nec
463 3231 526 3285 spes
543 3215 628 3269 animi
645 3216 757 3270 credula
774 3218 871 3287 mutui,
969 3233 995 3274 aa
