2275 3550
281 517 320 599 o.
359 513 610 586 nouauit
648 515 861 585 unaoel

418 665 731 766 canusinum

436 824 593 894 ¹LIBER
613 822 675 880 III.

558 986 581 1041 Ι.

168 1122 171 1127 .
283 1074 339 1127 0n1
358 1072 500 1142 profanum
520 1072 618 1139 vulgus
636 1073 666 1125 et
684 1085 781 1134 aree03

282 1149 385 1203 Favete
403 1148 518 1216 linguis:
537 1147 657 1200 carmina
674 1162 728 1198 uon
745 1143 822 1212 priua

316 1224 423 1278 Audita
441 1214 583 1277 Musarrim
601 1221 727 1275 sacerdos

351 1299 510 1368 Virginibus
529 1298 676 1367 puerisque
695 1297 781 1349 canto.

281 1373 389 1444 Regum
406 1374 592 1429 timendorum
610 1373 638 1426 in
659 1370 782 1440 proprios
799 1384 905 1437 greges,
983 1382 996 1423 t

282 1449 374 1517 Reges
392 1450 420 1502 in
440 1451 513 1518 ipsos
531 1449 677 1516 imperium
695 1449 739 1498 est
759 1443 837 1496 Jovis

316 1525 389 1579 Glari
408 1525 543 1592 Giganteo
561 1521 708 1591 triumpho,

350 1600 455 1655 Cuncta
472 1598 615 1666 supercilio
635 1593 775 1649 moventia.

280 1677 332 1731 Est
349 1679 382 1728 ut
399 1675 456 1729 viro
474 1674 517 1728 vir
535 1674 618 1728 latius
637 1672 747 1726 ordinet
796 1678 798 1683 '

281 1750 405 1806 Arbusta
423 1750 510 1818 sulcis,
530 1749 576 1805 hie
594 1748 751 1818 generosior
973 1759 995 1801 lo

314 1828 471 1881 Descendat
490 1828 520 1880 in
540 1826 673 1894 Campum
692 1825 801 1893 petitor,

349 1903 472 1957 Moribus
491 1902 537 1955 hio
555 1902 705 1970 meliorque
723 1900 796 1952 fama

280 1979 442 2047 contendat,
461 1979 501 2033 illi
521 1977 604 2032 turba
623 1976 763 2031 clientium
796 1994 798 1999 ·

281 2055 324 2110 Sit
341 2054 443 2123 major:
463 2071 550 2123 aequa
567 2053 629 2121 lege
649 2052 807 2108 Necessitas

314 2130 434 2184 Sortitur
453 2130 573 2197 insignes
594 2132 623 2182 et
643 2128 712 2180 imos
722 2148 729 2192 ;
972 2144 995 2186 15

348 2205 437 2264 Omne
456 2220 542 2272 capax
561 2206 653 2256 movet
672 2198 742 2255 urna
761 2220 868 2260 nomen.

279 2279 427 2334 Distriotus
446 2278 518 2331 ensis
537 2278 582 2329 eui
600 2293 682 2343 super
699 2277 784 2346 impia

280 2354 392 2411 Oerviee
409 2352 512 2422 pendet
533 2368 587 2404 non
612 2350 717 2405 Siculae
736 2352 821 2422 dapes

313 2429 429 2483 Duloem
447 2427 627 2482 elaborabunt
645 2443 777 2495 saporem,

209 2570 222 2584 Χ
348 2504 411 2557 Non
431 2504 521 2557 avium
540 2502 715 2570 citharaeque
734 2507 830 2558 <antus
969 2524 993 2562 20

280 2579 409 2634 Somnum
427 2578 568 2633 reducent.
604 2578 721 2631 Somnus
739 2580 889 2647 agrestium

279 2655 362 2709 Lenis
381 2655 500 2709 virorum
519 2670 574 2707 non
591 2653 707 2708 humiles
727 2655 822 2709 domos

313 2730 435 2785 Fastidit
452 2730 662 2797 umbrosamque
681 2730 775 2797 ripam,
891 2786 895 2793 ,

347 2806 410 2860 Non
428 2805 558 2874 Zephyris
576 2805 681 2872 agitata
699 2805 807 2874 Tempe.

278 2880 487 2936 Desiderantem
505 2880 581 2951 quod
601 2881 667 2934 satis
685 2885 729 2936 est
746 2897 836 2952 neque
968 2898 993 2939 aa

279 2956 487 3011 Tumultuosum
509 2956 639 3010 sollicitat
658 2972 741 3025 mare,

312 3031 372 3085 Nee
391 3042 486 3086 saevus
505 3032 619 3088 Arcturi
638 3031 760 3086 cadentis

348 3106 473 3176 impetus
493 3109 542 3161 aut
561 3107 672 3160 orientis
692 3108 792 3176 Haedi,

277 3181 339 3236 Non
357 3182 516 3236 verberatae
536 3181 670 3249 grandine
688 3183 784 3237 vineae

279 3256 446 3324 Fundusque
464 3258 591 3324 mendax,
609 3256 709 3311 arbore
728 3274 801 3312 nuno
821 3276 906 3326 aquas
966 3275 990 3314 so
