2275 3550
119 190 152 242 00
367 178 522 229 cunnus
539 180 736 232 snomnnn.

290 268 379 324 Roma
395 269 419 323 si
436 272 558 324 vestrum
575 272 619 324 est
636 286 712 338 opus,
731 269 856 340 Iliaeque

290 345 384 400 Littus
401 345 548 399 Etruscum
565 347 681 398 tenuere
698 348 814 412 tmmae,

291 421 377 476 Jnssa
392 436 457 487 pars
473 422 583 473 mutare
601 419 688 474 Lares
705 423 736 473 et
752 418 850 473 urbem

325 495 435 564 Sospite
452 511 541 563 cursu,
951 509 976 550 ro

292 570 344 626 (lui
361 587 412 637 per
429 569 573 624 ardentem
590 570 650 625 sine
666 570 764 625 fraude
782 569 892 639 'trojam

293 646 392 700 casus
410 647 521 700 Aeneas
538 647 646 715 patriae
663 650 802 715 superstes

292 720 424 776 Liberum
440 721 557 776 munivit
572 721 635 789 iter,
653 722 769 776 daturus

328 796 412 849 Plura
428 796 547 852 relictis:

293 871 337 940 Di,
353 871 452 940 probos
469 888 557 926 mores
576 871 658 926 docili
672 871 812 940 juventae,
951 883 977 925 45

293 947 338 1014 Di,
356 947 492 1001 senectuti
508 947 632 1015 placidae
650 949 781 1016 quietem,

293 1022 427 1078 Romulae
443 1023 519 1090 genti
537 1022 604 1077 date
620 1039 735 1092 remque
752 1021 912 1092 prolemque

329 1098 366 1152 Et
384 1098 467 1152 decus
485 1102 582 1153 omne!

294 1173 426 1244 Quaeque
442 1190 491 1227 ros
507 1173 596 1228 bobus
612 1177 759 1230 veneratur
776 1173 845 1227 albis

294 1249 392 1304 Clarus
410 1249 548 1304 Anchisae
566 1250 739 1319 Venerisque
756 1249 874 1317 sanguis,
950 1262 976 1303 to

294 1322 439 1393 Impetret‚
456 1325 577 1379 bellante
594 1326 677 1394 prior,
691 1325 833 1394 jacentem

329 1399 412 1453 Lenis
428 1399 458 1452 in
474 1399 599 1455 hostem!

293 1472 360 1526 Jam
377 1474 446 1525 mari
463 1476 594 1540 terraque
612 1490 708 1541 manus
725 1475 853 1540 potentes

294 1546 395 1601 Medus
413 1547 589 1616 Albanasque
606 1548 688 1601 timet
705 1563 821 1613 secures,

294 1622 360 1677 Jam
378 1621 494 1690 Scythae
510 1638 640 1690 responsa
655 1625 756 1692 petunt
773 1621 884 1692 superbi
952 1633 978 1677 σε

329 1696 433 1763 Nuper,
452 1701 483 1751 et
500 1698 573 1752 Indi.

295 1773 361 1828 Jam
378 1773 462 1828 Fides
478 1777 508 1828 et
526 1774 586 1828 Pax
602 1777 632 1828 et
649 1775 746 1829 Honos
764 1771 911 1844 Pudorque

297 1848 407 1903 Priscus
424 1852 454 1903 et
470 1850 596 1918 neglecta
613 1850 704 1904 redire
722 1850 819 1903 Virtus

297 1926 401 1993 Audet,
418 1929 587 2000 apparetque
604 1924 686 1980 beata
703 1925 784 1994 pleno

332 2001 416 2069 Copia
433 2018 524 2056 eornm
954 2010 978 2052 to

298 2078 397 2144 Augur
414 2080 444 2131 et
460 2077 584 2145 fulgente
601 2076 717 2131 decorus
734 2093 800 2131 areu

298 2151 426 2206 Phoebus
443 2156 626 2220 acceptusque
643 2167 742 2205 novem
760 2148 894 2218 Camenis,

298 2226 352 2290 Qui
368 2226 481 2279 salutari
498 2225 573 2279 levat
589 2228 651 2279 arte
667 2224 755 2278 fessos

333 2299 461 2366 Corporis
477 2302 561 2365 artus,

299 2374 329 2429 Si
347 2373 485 2428 Palatinas
502 2373 580 2427 videt
596 2387 700 2441 aequus
717 2388 807 2427 arces,
955 2384 980 2427 tt

299 2449 424 2518 Itemque
442 2448 593 2503 Romanam
613 2448 785 2516 Latiumque,
803 2446 869 2501 felix

299 2525 427 2583 Alterum
444 2524 473 2577 in
490 2524 608 2577 lustrum
624 2522 777 2592 meliusque
794 2539 903 2591 semper

333 2600 467 2668 Prorogat
485 2615 590 2653 aevum,

299 2674 431 2743 Quaeque
448 2674 617 2729 Aventinum
633 2676 712 2728 tenet
730 2672 925 2743 Algidumque,

298 2750 461 2815 Quindecim
478 2749 568 2804 Diana
585 2765 681 2819 preces
697 2749 818 2803 virorum
955 2761 980 2806 io

299 2827 386 2882 (iuret
402 2830 432 2881 et
449 2826 520 2881 votis
536 2842 685 2895 puerorum
701 2825 803 2880 amicas

333 2902 464 2971 Applicat
480 2918 568 2956 aures.

299 2977 376 3033 Haec
393 2977 413 3030 J
414 2994 491 3032 orem
509 2977 613 3032 sentire
630 2977 751 3045 deosque
767 2979 881 3031 cunctos

299 3053 382 3122 Spem
398 3052 497 3107 bonam
514 3056 673 3122 certamque
690 3053 801 3106 domum
818 3051 937 3120 reporto,

298 3128 403 3185 Doctus
421 3133 451 3183 et
468 3128 574 3183 Phoebi
591 3128 695 3200 chorus
706 3131 737 3183 et
753 3127 859 3181 Dianae
955 3152 979 3191 rt

333 3203 434 3259 Dicere
450 3203 554 3261 laudes.
