2275 3550
309 279 318 303 .
377 201 584 252 canmrnnm
600 201 623 252 1.
642 204 681 264 32,
701 205 740 264 33,
759 204 798 253 34.
981 204 1012 253 21

527 349 652 403 XXXII.
944 352 971 383 Τ
986 358 992 367 ”
1023 304 1024 307 ¹

299 431 447 485 Poscmnn.
482 431 512 486 Si
530 432 598 501 quid
615 432 692 486 vacui
710 431 761 486 sub
778 432 877 487 mnbra

298 505 426 562 Lusimus
442 510 535 562 tecum
552 508 626 577 quod
644 512 674 562 et
690 508 762 562 hunc
778 510 808 562 in
825 525 926 564 annum

298 581 384 637 Vivat
400 587 430 637 et
446 583 546 652 plures,
565 600 617 652 age
634 584 679 638 dic
697 583 833 652 Latinum,

333 658 455 725 Barbite,
473 676 591 727 carmen,

269 786 273 814 Ι
297 733 398 788 Lesbio
415 735 534 803 primum
551 734 691 789 modulate
709 735 768 804 civi,
1001 751 1016 795 t

299 809 353 873 Qui
370 809 448 864 ferox
465 809 539 864 belle
555 814 650 865 tamen
666 811 740 864 inter
756 827 839 879 arma,

297 884 361 940 Sive
374 885 508 953 jactatam
525 885 656 954 religarat
672 885 729 940 ude

332 960 427 1014 Litore
443 960 543 1028 navim,

296 1035 427 1090 Liberum
445 1039 476 1091 et
488 1037 586 1090 Musas
603 1036 795 1106 Veneremque
811 1039 842 1092 et
858 1037 898 1093 illi

290 1112 414 1181 ⁸Semper
429 1112 596 1166 haerentem>
607 1129 722 1180 puerum
739 1112 856 1168 canebat

298 1188 336 1242 Et
353 1188 455 1256 Lycum
472 1187 558 1255 nigris
575 1188 660 1242 oculis
676 1188 812 1256 nigroque

334 1262 417 1317 Crine
433 1262 571 1317 decorum.

298 1337 323 1392 0
342 1338 425 1393 decus
443 1337 547 1399 Phoebi
565 1341 595 1393 et
612 1338 729 1408 dapibus
746 1341 864 1409 supremi

297 1414 385 1468 Grata
401 1413 513 1468 testudo
529 1413 615 1482 Ievis,
633 1431 650 1468 ο
666 1415 791 1469 laborum

267 1512 269 1515 ·
297 1489 385 1545 Dulce
402 1489 529 1557 lenimen,
547 1489 615 1543 mihi
632 1505 749 1561 eumque
766 1491 840 1546 salve

331 1565 398 1621 Rite
415 1565 530 1621 vocanti

517 1708 660 1764 XXXIII.

299 1796 381 1861 Arm,
398 1810 433 1848 ne
450 1793 544 1848 deleas
561 1794 623 1862 plus
639 1792 724 1848 nimio
740 1808 843 1849 memor

298 1870 417 1924 Immitis
435 1870 574 1937 Glycerae,
590 1885 646 1923 neu
662 1868 832 1926 miserabiles

192 1930 197 1938 ’
241 1962 253 1977 -4
298 1943 435 1998 Decantes
452 1944 544 2011 elegos
561 1960 611 1997 cur
627 1943 680 1997 tibi
693 1942 789 2012 junior

333 2020 420 2073 Laesa
436 2019 591 2087 praeniteat
608 2019 671 2073 fide.

298 2094 439 2164 Insignem
455 2094 534 2149 tenui
548 2093 640 2148 fronte
658 2093 791 2162 Lycorida

299 2169 363 2239 (lyri
380 2173 469 2225 terret
486 2185 570 2237 amor,
589 2170 675 2237 Cyrus
692 2170 722 2223 in
738 2185 862 2237 asperam

297 2246 426 2301 Dcelinat
443 2245 582 2311 Pholoen3
600 2245 650 2299 sed
666 2245 743 2313 prius
760 2245 859 2315 Apulis

331 2323 490 2391 iungentur
506 2338 621 2390 capreae
638 2321 710 2389 lupis

297 2397 386 2463 Quam
404 2398 477 2466 turpi
496 2396 597 2451 Pholoe
615 2400 710 2466 peccet
727 2396 858 2454 adultero.

297 2474 342 2529 Sic
360 2474 448 2529 visum
468 2472 580 2541 Veneri,
598 2472 642 2527 cui
658 2472 749 2542 placet
765 2474 884 2542 impares

297 2550 411 2604 Formas
428 2552 512 2619 atque
528 2549 633 2603 animos
651 2547 784 2618 subjuga
800 2554 886 2603 aenea

331 2625 418 2680 Saeve
435 2626 548 2679 mittere
564 2640 627 2679 cum
640 2622 711 2692 joce.

297 2701 393 2770 Ipsum
409 2718 461 2767 me,
479 2700 577 2755 melior
593 2716 655 2754 eum
673 2702 781 2769 peteret
802 2701 902 2767 Venus,

298 2777 385 2832 Grata
402 2777 521 2832 detinuit
538 2774 670 2844 compede
688 2776 806 2843 Myrtale

297 2852 445 2921 Libertina,
463 2852 542 2907 fretis
559 2852 648 2905 acrior
665 2850 789 2907 Hadriae

331 2928 477 2984 (inruentis
496 2926 627 2983 Calabros
644 2926 725 2981 sinens.

520 3072 656 3126 XXXIV.

296 3153 409 3209 Paneas
426 3155 540 3208 deorum
558 3155 648 3208 culter
665 3156 695 3207 et
711 3151 869 3221 infrequens

297 3229 464 3286 Insanientis
481 3229 547 3284 dum
566 3228 715 3297 sapientiae
