<?xml version="1.0" encoding="UTF-8"?>
<!DOCTYPE html PUBLIC "-//W3C//DTD XHTML 1.0 Transitional//EN"
    "http://www.w3.org/TR/xhtml1/DTD/xhtml1-transitional.dtd">
<html xmlns="http://www.w3.org/1999/xhtml" xml:lang="en" lang="en">
 <head>
  <title>
</title>
<meta http-equiv="Content-Type" content="text/html;charset=utf-8" />
  <meta name='ocr-system' content='tesseract 3.04.00' />
  <meta name='ocr-capabilities' content='ocr_page ocr_carea ocr_par ocr_line ocrx_word'/>
</head>
<body>
  <div class='ocr_page' id='page_1' title='image "./quintihoraticfl00maclgoog_0032.png"; bbox 0 0 2275 3550; ppageno 0'>
   <div class='ocr_carea' id='block_1_1' title="bbox 409 200 710 249">
    <p class='ocr_par' dir='ltr' id='par_1_1' title="bbox 409 200 710 249">
     <span class='ocr_line' id='line_1_1' title="bbox 409 200 710 249; baseline 0 -1"><span class='ocrx_word' id='word_1_1' title='bbox 409 200 563 249; x_wconf 89' lang='lat' dir='ltr'><strong>HORATII</strong></span> <span class='ocrx_word' id='word_1_2' title='bbox 581 201 710 248; x_wconf 87' lang='lat' dir='ltr'>FLACCI</span> 
     </span>
    </p>
   </div>
   <div class='ocr_carea' id='block_1_2' title="bbox 271 278 988 1336">
    <p class='ocr_par' dir='ltr' id='par_1_2' title="bbox 271 278 988 1336">
     <span class='ocr_line' id='line_1_2' title="bbox 305 278 839 345; baseline 0.006 -12"><span class='ocrx_word' id='word_1_3' title='bbox 305 278 628 345; x_wconf 76' lang='lat' dir='ltr'>Consultuse1·ro,uuuc</span> <span class='ocrx_word' id='word_1_4' title='bbox 646 284 797 335; x_wconf 76' lang='lat' dir='ltr'><strong>retrorsum</strong></span> <span class='ocrx_word' id='word_1_5' title='bbox 834 280 839 294; x_wconf 62' lang='lat'>⁸</span> 
     </span>
     <span class='ocr_line' id='line_1_3' title="bbox 339 351 825 422; baseline 0.002 -16"><span class='ocrx_word' id='word_1_6' title='bbox 339 351 409 407; x_wconf 83' lang='lat' dir='ltr'>Vela</span> <span class='ocrx_word' id='word_1_7' title='bbox 427 355 493 408; x_wconf 90' lang='lat' dir='ltr'>dare</span> <span class='ocrx_word' id='word_1_8' title='bbox 511 358 595 422; x_wconf 88' lang='lat' dir='ltr'>atque</span> <span class='ocrx_word' id='word_1_9' title='bbox 611 354 712 409; x_wconf 88' lang='lat' dir='ltr'>iterare</span> <span class='ocrx_word' id='word_1_10' title='bbox 728 368 825 408; x_wconf 85' lang='lat' dir='ltr'>cursus</span> 
     </span>
     <span class='ocr_line' id='line_1_4' title="bbox 271 428 981 500; baseline 0.003 -15"><span class='ocrx_word' id='word_1_11' title='bbox 271 430 360 498; x_wconf 73' lang='lat' dir='ltr'>(logor</span> <span class='ocrx_word' id='word_1_12' title='bbox 377 430 502 485; x_wconf 89' lang='lat' dir='ltr'>relictos:</span> <span class='ocrx_word' id='word_1_13' title='bbox 520 447 638 500; x_wconf 89' lang='lat' dir='ltr'>namque</span> <span class='ocrx_word' id='word_1_14' title='bbox 656 428 800 500; x_wconf 77' lang='lat' dir='ltr'><strong>Diespiter.</strong></span> <span class='ocrx_word' id='word_1_15' title='bbox 968 451 981 492; x_wconf 79' lang='lat' dir='ltr'>t</span> 
     </span>
     <span class='ocr_line' id='line_1_5' title="bbox 272 506 717 574; baseline 0 -13"><span class='ocrx_word' id='word_1_16' title='bbox 272 506 334 574; x_wconf 85' lang='lat' dir='ltr'>Igni</span> <span class='ocrx_word' id='word_1_17' title='bbox 352 524 463 562; x_wconf 88' lang='lat' dir='ltr'>corusco</span> <span class='ocrx_word' id='word_1_18' title='bbox 480 506 574 561; x_wconf 90' lang='lat' dir='ltr'>nubila</span> <span class='ocrx_word' id='word_1_19' title='bbox 592 507 717 562; x_wconf 84' lang='lat' dir='ltr'>dividens</span> 
     </span>
     <span class='ocr_line' id='line_1_6' title="bbox 306 583 808 654; baseline 0.006 -17"><span class='ocrx_word' id='word_1_20' title='bbox 306 583 482 654; x_wconf 78' lang='lat' dir='ltr'>Plerumque,·</span> <span class='ocrx_word' id='word_1_21' title='bbox 496 602 546 654; x_wconf 88' lang='lat' dir='ltr'>per</span> <span class='ocrx_word' id='word_1_22' title='bbox 563 602 663 654; x_wconf 88' lang='lat' dir='ltr'>purum</span> <span class='ocrx_word' id='word_1_23' title='bbox 680 589 808 640; x_wconf 87' lang='lat' dir='ltr'>tonantes</span> 
     </span>
     <span class='ocr_line' id='line_1_7' title="bbox 340 660 851 734; baseline 0.006 -20"><span class='ocrx_word' id='word_1_24' title='bbox 340 660 406 728; x_wconf 83' lang='lat' dir='ltr'>Egit</span> <span class='ocrx_word' id='word_1_25' title='bbox 423 678 507 730; x_wconf 90' lang='lat' dir='ltr'>equos</span> <span class='ocrx_word' id='word_1_26' title='bbox 524 662 716 732; x_wconf 81' lang='lat' dir='ltr'>volucremque</span> <span class='ocrx_word' id='word_1_27' title='bbox 734 680 851 734; x_wconf 85' lang='lat' dir='ltr'>currum,</span> 
     </span>
     <span class='ocr_line' id='line_1_8' title="bbox 272 735 800 805; baseline 0.004 -16"><span class='ocrx_word' id='word_1_28' title='bbox 272 735 331 800; x_wconf 80' lang='lat' dir='ltr'>Quo</span> <span class='ocrx_word' id='word_1_29' title='bbox 348 736 431 789; x_wconf 89' lang='lat' dir='ltr'>bruta</span> <span class='ocrx_word' id='word_1_30' title='bbox 449 735 530 790; x_wconf 88' lang='lat' dir='ltr'>tellus</span> <span class='ocrx_word' id='word_1_31' title='bbox 548 741 578 791; x_wconf 90' lang='lat' dir='ltr'>et</span> <span class='ocrx_word' id='word_1_32' title='bbox 595 754 663 805; x_wconf 84' lang='lat' dir='ltr'>vaga</span> <span class='ocrx_word' id='word_1_33' title='bbox 681 739 800 805; x_wconf 88' lang='lat' dir='ltr'>flumina,</span> 
     </span>
     <span class='ocr_line' id='line_1_9' title="bbox 271 810 987 879; baseline 0.006 -15"><span class='ocrx_word' id='word_1_34' title='bbox 271 810 331 875; x_wconf 79' lang='lat' dir='ltr'>Quo</span> <span class='ocrx_word' id='word_1_35' title='bbox 350 811 417 879; x_wconf 80' lang='lat' dir='ltr'>Styx</span> <span class='ocrx_word' id='word_1_36' title='bbox 435 816 465 866; x_wconf 92' lang='lat' dir='ltr'>et</span> <span class='ocrx_word' id='word_1_37' title='bbox 481 813 561 866; x_wconf 81' lang='lat' dir='ltr'>invisi</span> <span class='ocrx_word' id='word_1_38' title='bbox 580 813 691 867; x_wconf 86' lang='lat' dir='ltr'>horrida</span> <span class='ocrx_word' id='word_1_39' title='bbox 709 814 822 868; x_wconf 83' lang='lat' dir='ltr'>Taenari</span> <span class='ocrx_word' id='word_1_40' title='bbox 965 828 987 868; x_wconf 78' lang='lat' dir='ltr'>ro</span> 
     </span>
     <span class='ocr_line' id='line_1_10' title="bbox 306 886 694 956; baseline 0.003 -17"><span class='ocrx_word' id='word_1_41' title='bbox 306 886 392 940; x_wconf 73' lang='lat' dir='ltr'>Sedes</span> <span class='ocrx_word' id='word_1_42' title='bbox 411 888 614 956; x_wconf 69' lang='lat' dir='ltr'>Atlanteusque</span> <span class='ocrx_word' id='word_1_43' title='bbox 632 889 694 941; x_wconf 90' lang='lat' dir='ltr'>finis</span> 
     </span>
     <span class='ocr_line' id='line_1_11' title="bbox 340 963 829 1018; baseline 0.004 -2"><span class='ocrx_word' id='word_1_44' title='bbox 340 963 508 1017; x_wconf 75' lang='lat' dir='ltr'>Concutitur.</span> <span class='ocrx_word' id='word_1_45' title='bbox 544 963 628 1017; x_wconf 90' lang='lat' dir='ltr'>Valet</span> <span class='ocrx_word' id='word_1_46' title='bbox 644 964 699 1018; x_wconf 88' lang='lat' dir='ltr'>ima</span> <span class='ocrx_word' id='word_1_47' title='bbox 716 965 829 1018; x_wconf 89' lang='lat' dir='ltr'>summis</span> 
     </span>
     <span class='ocr_line' id='line_1_12' title="bbox 272 1037 809 1106; baseline 0.004 -15"><span class='ocrx_word' id='word_1_48' title='bbox 272 1037 381 1091; x_wconf 88' lang='lat' dir='ltr'>Mutare</span> <span class='ocrx_word' id='word_1_49' title='bbox 399 1042 429 1093; x_wconf 91' lang='lat' dir='ltr'>et</span> <span class='ocrx_word' id='word_1_50' title='bbox 446 1039 579 1106; x_wconf 84' lang='lat' dir='ltr'>insignem</span> <span class='ocrx_word' id='word_1_51' title='bbox 598 1042 723 1094; x_wconf 88' lang='lat' dir='ltr'>attenuat</span> <span class='ocrx_word' id='word_1_52' title='bbox 740 1041 809 1093; x_wconf 87' lang='lat' dir='ltr'>deus</span> 
     </span>
     <span class='ocr_line' id='line_1_13' title="bbox 273 1113 862 1185; baseline 0.005 -19"><span class='ocrx_word' id='word_1_53' title='bbox 273 1113 395 1167; x_wconf 81' lang='lat' dir='ltr'>Obscura</span> <span class='ocrx_word' id='word_1_54' title='bbox 412 1131 558 1183; x_wconf 82' lang='lat' dir='ltr'>promens3</span> <span class='ocrx_word' id='word_1_55' title='bbox 576 1115 639 1169; x_wconf 87' lang='lat' dir='ltr'>hinc</span> <span class='ocrx_word' id='word_1_56' title='bbox 656 1116 760 1183; x_wconf 79' lang='lat' dir='ltr'>apicem</span> <span class='ocrx_word' id='word_1_57' title='bbox 778 1131 862 1185; x_wconf 85' lang='lat' dir='ltr'>rapax</span> 
     </span>
     <span class='ocr_line' id='line_1_14' title="bbox 307 1189 988 1245; baseline 0.004 -3"><span class='ocrx_word' id='word_1_58' title='bbox 307 1189 428 1243; x_wconf 76' lang='lat' dir='ltr'>Fortuna</span> <span class='ocrx_word' id='word_1_59' title='bbox 446 1207 507 1243; x_wconf 90' lang='lat' dir='ltr'>eum</span> <span class='ocrx_word' id='word_1_60' title='bbox 526 1190 644 1245; x_wconf 86' lang='lat' dir='ltr'>stridore</span> <span class='ocrx_word' id='word_1_61' title='bbox 661 1195 741 1244; x_wconf 89' lang='lat' dir='ltr'>acuto</span> <span class='ocrx_word' id='word_1_62' title='bbox 964 1204 988 1245; x_wconf 79' lang='lat'>1⁵</span> 
     </span>
     <span class='ocr_line' id='line_1_15' title="bbox 341 1264 794 1336; baseline 0.004 -17"><span class='ocrx_word' id='word_1_63' title='bbox 341 1264 466 1335; x_wconf 78' lang='lat' dir='ltr'>Sustulit,</span> <span class='ocrx_word' id='word_1_64' title='bbox 483 1266 528 1320; x_wconf 92' lang='lat' dir='ltr'>hic</span> <span class='ocrx_word' id='word_1_65' title='bbox 544 1267 668 1336; x_wconf 85' lang='lat' dir='ltr'>posuisse</span> <span class='ocrx_word' id='word_1_66' title='bbox 684 1266 794 1334; x_wconf 83' lang='lat' dir='ltr'>gaudet</span> 
     </span>
    </p>
   </div>
   <div class='ocr_carea' id='block_1_3' title="bbox 502 1406 621 1460">
    <p class='ocr_par' dir='ltr' id='par_1_3' title="bbox 502 1406 621 1460">
     <span class='ocr_line' id='line_1_16' title="bbox 502 1406 621 1460; baseline 0.008 -1"><span class='ocrx_word' id='word_1_67' title='bbox 502 1406 621 1460; x_wconf 88' lang='lat' dir='ltr'>XXXV.</span> 
     </span>
    </p>
   </div>
   <div class='ocr_carea' id='block_1_4' title="bbox 215 1489 991 3297">
    <p class='ocr_par' dir='ltr' id='par_1_4' title="bbox 215 1489 991 3297">
     <span class='ocr_line' id='line_1_17' title="bbox 273 1489 838 1559; baseline 0 -16"><span class='ocrx_word' id='word_1_68' title='bbox 273 1489 297 1542; x_wconf 92' lang='grc' dir='ltr'>Ο</span> <span class='ocrx_word' id='word_1_69' title='bbox 315 1508 390 1558; x_wconf 77' lang='lat' dir='ltr'>nrm,</span> <span class='ocrx_word' id='word_1_70' title='bbox 408 1492 518 1558; x_wconf 82' lang='lat' dir='ltr'>gratum</span> <span class='ocrx_word' id='word_1_71' title='bbox 536 1505 607 1558; x_wconf 89' lang='lat' dir='ltr'>quae</span> <span class='ocrx_word' id='word_1_72' title='bbox 624 1489 697 1556; x_wconf 85' lang='lat' dir='ltr'>regis</span> <span class='ocrx_word' id='word_1_73' title='bbox 716 1489 838 1559; x_wconf 88' lang='lat' dir='ltr'>Antium,</span> 
     </span>
     <span class='ocr_line' id='line_1_18' title="bbox 273 1564 813 1632; baseline 0 -14"><span class='ocrx_word' id='word_1_74' title='bbox 273 1564 406 1618; x_wconf 82' lang='lat' dir='ltr'>Praesens</span> <span class='ocrx_word' id='word_1_75' title='bbox 423 1564 466 1619; x_wconf 84' lang='lat' dir='ltr'>vel</span> <span class='ocrx_word' id='word_1_76' title='bbox 484 1565 539 1617; x_wconf 84' lang='lat' dir='ltr'>inro</span> <span class='ocrx_word' id='word_1_77' title='bbox 557 1564 653 1618; x_wconf 89' lang='lat' dir='ltr'>tollere</span> <span class='ocrx_word' id='word_1_78' title='bbox 672 1565 707 1617; x_wconf 88' lang='lat' dir='ltr'>de</span> <span class='ocrx_word' id='word_1_79' title='bbox 724 1565 813 1632; x_wconf 82' lang='lat' dir='ltr'>gradu</span> 
     </span>
     <span class='ocr_line' id='line_1_19' title="bbox 307 1638 750 1708; baseline -0.002 -15"><span class='ocrx_word' id='word_1_80' title='bbox 307 1640 425 1694; x_wconf 86' lang='lat' dir='ltr'>Mortale</span> <span class='ocrx_word' id='word_1_81' title='bbox 442 1656 539 1708; x_wconf 89' lang='lat' dir='ltr'>corpus</span> <span class='ocrx_word' id='word_1_82' title='bbox 556 1639 599 1693; x_wconf 88' lang='lat' dir='ltr'>vel</span> <span class='ocrx_word' id='word_1_83' title='bbox 618 1638 750 1708; x_wconf 85' lang='lat' dir='ltr'>superbos</span> 
     </span>
     <span class='ocr_line' id='line_1_20' title="bbox 341 1715 795 1785; baseline 0.002 -17"><span class='ocrx_word' id='word_1_84' title='bbox 341 1715 459 1770; x_wconf 84' lang='lat' dir='ltr'>Vertere</span> <span class='ocrx_word' id='word_1_85' title='bbox 475 1715 618 1769; x_wconf 85' lang='lat' dir='ltr'>funeribus</span> <span class='ocrx_word' id='word_1_86' title='bbox 634 1715 795 1785; x_wconf 89' lang='lat' dir='ltr'>triumphos,</span> 
     </span>
     <span class='ocr_line' id='line_1_21' title="bbox 273 1786 991 1862; baseline 0.003 -16"><span class='ocrx_word' id='word_1_87' title='bbox 273 1793 312 1846; x_wconf 77' lang='lat' dir='ltr'>Te</span> <span class='ocrx_word' id='word_1_88' title='bbox 328 1809 432 1862; x_wconf 86' lang='lat' dir='ltr'>pauper</span> <span class='ocrx_word' id='word_1_89' title='bbox 445 1786 536 1847; x_wconf 77' lang='lat' dir='ltr'>&#39;ambit</span> <span class='ocrx_word' id='word_1_90' title='bbox 554 1791 670 1846; x_wconf 87' lang='lat' dir='ltr'>sollicita</span> <span class='ocrx_word' id='word_1_91' title='bbox 687 1808 768 1861; x_wconf 88' lang='lat' dir='ltr'>prece</span> <span class='ocrx_word' id='word_1_92' title='bbox 978 1811 991 1848; x_wconf 83' lang='lat'>⁵</span> 
     </span>
     <span class='ocr_line' id='line_1_22' title="bbox 268 1867 895 1937; baseline -0.003 -14"><span class='ocrx_word' id='word_1_93' title='bbox 268 1868 357 1923; x_wconf 81' lang='lat' dir='ltr'>Ruris</span> <span class='ocrx_word' id='word_1_94' title='bbox 374 1869 491 1937; x_wconf 86' lang='lat' dir='ltr'>colonus,</span> <span class='ocrx_word' id='word_1_95' title='bbox 505 1871 537 1922; x_wconf 84' lang='lat' dir='ltr'>&#39;te</span> <span class='ocrx_word' id='word_1_96' title='bbox 555 1868 693 1921; x_wconf 89' lang='lat' dir='ltr'>dominam</span> <span class='ocrx_word' id='word_1_97' title='bbox 711 1867 836 1937; x_wconf 87' lang='lat' dir='ltr'>aequoris</span> <span class='ocrx_word' id='word_1_98' title='bbox 892 1885 895 1890; x_wconf 88' lang='lat'>·</span> 
     </span>
     <span class='ocr_line' id='line_1_23' title="bbox 308 1943 731 2014; baseline -0.005 -16"><span class='ocrx_word' id='word_1_99' title='bbox 308 1944 468 2014; x_wconf 81' lang='lat' dir='ltr'>Quicunque</span> <span class='ocrx_word' id='word_1_100' title='bbox 486 1944 605 2013; x_wconf 78' lang='lat' dir='ltr'>Bithyna</span> <span class='ocrx_word' id='word_1_101' title='bbox 621 1943 731 1997; x_wconf 87' lang='lat' dir='ltr'>lacessit</span> 
     </span>
     <span class='ocr_line' id='line_1_24' title="bbox 342 2019 766 2090; baseline -0.007 -15"><span class='ocrx_word' id='word_1_102' title='bbox 342 2021 519 2090; x_wconf 79' lang='lat' dir='ltr'>Carpathium</span> <span class='ocrx_word' id='word_1_103' title='bbox 536 2019 650 2088; x_wconf 87' lang='lat' dir='ltr'>pelagus</span> <span class='ocrx_word' id='word_1_104' title='bbox 667 2020 766 2073; x_wconf 90' lang='lat' dir='ltr'>carina.</span> 
     </span>
     <span class='ocr_line' id='line_1_25' title="bbox 215 2094 833 2165; baseline -0.005 -16"><span class='ocrx_word' id='word_1_105' title='bbox 215 2116 222 2143; x_wconf 71' lang='lat' dir='ltr'><strong>x</strong></span> <span class='ocrx_word' id='word_1_106' title='bbox 273 2095 312 2149; x_wconf 81' lang='lat' dir='ltr'>Te</span> <span class='ocrx_word' id='word_1_107' title='bbox 329 2096 421 2150; x_wconf 90' lang='lat' dir='ltr'>Dacus</span> <span class='ocrx_word' id='word_1_108' title='bbox 438 2113 525 2165; x_wconf 81' lang='lat' dir='ltr'>asper,</span> <span class='ocrx_word' id='word_1_109' title='bbox 543 2100 573 2150; x_wconf 91' lang='lat' dir='ltr'>te</span> <span class='ocrx_word' id='word_1_110' title='bbox 590 2095 698 2165; x_wconf 83' lang='lat' dir='ltr'>profugi</span> <span class='ocrx_word' id='word_1_111' title='bbox 717 2094 833 2162; x_wconf 81' lang='lat' dir='ltr'>Scythae</span> 
     </span>
     <span class='ocr_line' id='line_1_26' title="bbox 273 2169 989 2239; baseline -0.001 -14"><span class='ocrx_word' id='word_1_112' title='bbox 273 2170 418 2239; x_wconf 86' lang='lat' dir='ltr'>Urbesque</span> <span class='ocrx_word' id='word_1_113' title='bbox 435 2175 587 2238; x_wconf 84' lang='lat' dir='ltr'>gentesque</span> <span class='ocrx_word' id='word_1_114' title='bbox 604 2174 633 2223; x_wconf 90' lang='lat' dir='ltr'>et</span> <span class='ocrx_word' id='word_1_115' title='bbox 652 2169 761 2222; x_wconf 84' lang='lat' dir='ltr'>Latium</span> <span class='ocrx_word' id='word_1_116' title='bbox 778 2170 856 2222; x_wconf 85' lang='lat' dir='ltr'>ferox</span> <span class='ocrx_word' id='word_1_117' title='bbox 966 2183 989 2224; x_wconf 85' lang='lat' dir='ltr'>lo</span> 
     </span>
     <span class='ocr_line' id='line_1_27' title="bbox 307 2242 831 2313; baseline -0.004 -14"><span class='ocrx_word' id='word_1_118' title='bbox 307 2245 468 2313; x_wconf 81' lang='lat' dir='ltr'>Regnmque</span> <span class='ocrx_word' id='word_1_119' title='bbox 485 2247 588 2297; x_wconf 88' lang='lat' dir='ltr'>matres</span> <span class='ocrx_word' id='word_1_120' title='bbox 605 2242 784 2296; x_wconf 86' lang='lat' dir='ltr'>barbarorum</span> <span class='ocrx_word' id='word_1_121' title='bbox 801 2247 831 2297; x_wconf 90' lang='lat' dir='ltr'>et</span> 
     </span>
     <span class='ocr_line' id='line_1_28' title="bbox 343 2318 753 2388; baseline -0.01 -15"><span class='ocrx_word' id='word_1_122' title='bbox 343 2319 476 2388; x_wconf 91' lang='lat' dir='ltr'>Purpurei</span> <span class='ocrx_word' id='word_1_123' title='bbox 494 2322 622 2372; x_wconf 88' lang='lat' dir='ltr'>metuunt</span> <span class='ocrx_word' id='word_1_124' title='bbox 638 2318 753 2386; x_wconf 86' lang='lat' dir='ltr'>tyranni,</span> 
     </span>
     <span class='ocr_line' id='line_1_29' title="bbox 274 2394 682 2465; baseline -0.012 -15"><span class='ocrx_word' id='word_1_125' title='bbox 274 2396 410 2465; x_wconf 88' lang='lat' dir='ltr'>Injurioso</span> <span class='ocrx_word' id='word_1_126' title='bbox 427 2412 463 2449; x_wconf 90' lang='lat' dir='ltr'>ne</span> <span class='ocrx_word' id='word_1_127' title='bbox 478 2394 682 2463; x_wconf 85' lang='lat' dir='ltr'>pedeproruas</span> 
     </span>
     <span class='ocr_line' id='line_1_30' title="bbox 274 2468 928 2538; baseline -0.003 -12"><span class='ocrx_word' id='word_1_128' title='bbox 274 2473 399 2526; x_wconf 81' lang='lat' dir='ltr'>Stantem</span> <span class='ocrx_word' id='word_1_129' title='bbox 417 2471 576 2537; x_wconf 85' lang='lat' dir='ltr'>columnam,</span> <span class='ocrx_word' id='word_1_130' title='bbox 595 2485 649 2522; x_wconf 90' lang='lat' dir='ltr'>neu</span> <span class='ocrx_word' id='word_1_131' title='bbox 666 2468 781 2537; x_wconf 87' lang='lat' dir='ltr'>populus</span> <span class='ocrx_word' id='word_1_132' title='bbox 798 2469 928 2538; x_wconf 86' lang='lat' dir='ltr'>frequens</span> 
     </span>
     <span class='ocr_line' id='line_1_31' title="bbox 307 2545 988 2612; baseline -0.012 -10"><span class='ocrx_word' id='word_1_133' title='bbox 307 2548 356 2602; x_wconf 83' lang='lat' dir='ltr'>Ad</span> <span class='ocrx_word' id='word_1_134' title='bbox 372 2564 448 2604; x_wconf 90' lang='lat' dir='ltr'>arma</span> <span class='ocrx_word' id='word_1_135' title='bbox 465 2549 609 2612; x_wconf 84' lang='lat' dir='ltr'>cessantes,</span> <span class='ocrx_word' id='word_1_136' title='bbox 628 2545 665 2599; x_wconf 89' lang='lat' dir='ltr'>ad</span> <span class='ocrx_word' id='word_1_137' title='bbox 682 2561 758 2597; x_wconf 83' lang='lat' dir='ltr'>arura</span> <span class='ocrx_word' id='word_1_138' title='bbox 966 2560 988 2602; x_wconf 62' lang='grc' dir='ltr'>ιε</span> 
     </span>
     <span class='ocr_line' id='line_1_32' title="bbox 342 2620 814 2691; baseline -0.008 -14"><span class='ocrx_word' id='word_1_139' title='bbox 342 2623 467 2677; x_wconf 78' lang='lat' dir='ltr'>Concitet</span> <span class='ocrx_word' id='word_1_140' title='bbox 483 2622 682 2691; x_wconf 86' lang='lat' dir='ltr'>imperiumque</span> <span class='ocrx_word' id='word_1_141' title='bbox 699 2620 814 2687; x_wconf 82' lang='lat' dir='ltr'>frangat.</span> 
     </span>
     <span class='ocr_line' id='line_1_33' title="bbox 273 2697 815 2768; baseline -0.009 -14"><span class='ocrx_word' id='word_1_142' title='bbox 273 2699 312 2754; x_wconf 79' lang='lat' dir='ltr'>&#39;l&#39;e</span> <span class='ocrx_word' id='word_1_143' title='bbox 329 2715 437 2768; x_wconf 87' lang='lat' dir='ltr'>semper</span> <span class='ocrx_word' id='word_1_144' title='bbox 453 2698 541 2752; x_wconf 83' lang='lat' dir='ltr'>anteit</span> <span class='ocrx_word' id='word_1_145' title='bbox 559 2714 640 2751; x_wconf 83' lang='lat' dir='ltr'>saeva</span> <span class='ocrx_word' id='word_1_146' title='bbox 658 2697 815 2750; x_wconf 78' lang='lat' dir='ltr'>Necessitas</span> 
     </span>
     <span class='ocr_line' id='line_1_34' title="bbox 273 2774 770 2831; baseline -0.012 -1"><span class='ocrx_word' id='word_1_147' title='bbox 273 2774 370 2831; x_wconf 72' lang='lat' dir='ltr'>(flavos</span> <span class='ocrx_word' id='word_1_148' title='bbox 387 2774 506 2828; x_wconf 85' lang='lat' dir='ltr'>trabales</span> <span class='ocrx_word' id='word_1_149' title='bbox 524 2776 553 2827; x_wconf 91' lang='lat' dir='ltr'>et</span> <span class='ocrx_word' id='word_1_150' title='bbox 571 2789 670 2827; x_wconf 88' lang='lat' dir='ltr'>cuneos</span> <span class='ocrx_word' id='word_1_151' title='bbox 687 2788 770 2825; x_wconf 87' lang='lat' dir='ltr'>manu</span> 
     </span>
     <span class='ocr_line' id='line_1_35' title="bbox 307 2851 716 2918; baseline -0.007 -13"><span class='ocrx_word' id='word_1_152' title='bbox 307 2851 426 2906; x_wconf 79' lang='lat' dir='ltr'>(lestans</span> <span class='ocrx_word' id='word_1_153' title='bbox 443 2856 519 2918; x_wconf 68' lang='lat' dir='ltr'>atina,</span> <span class='ocrx_word' id='word_1_154' title='bbox 537 2866 587 2912; x_wconf 90' lang='lat' dir='ltr'>nec</span> <span class='ocrx_word' id='word_1_155' title='bbox 605 2865 716 2903; x_wconf 83' lang='lat' dir='ltr'>severus</span> 
     </span>
     <span class='ocr_line' id='line_1_36' title="bbox 340 2922 989 2994; baseline -0.009 -12"><span class='ocrx_word' id='word_1_156' title='bbox 340 2927 435 2982; x_wconf 90' lang='lat' dir='ltr'>Uncus</span> <span class='ocrx_word' id='word_1_157' title='bbox 451 2925 530 2980; x_wconf 90' lang='lat' dir='ltr'>abest</span> <span class='ocrx_word' id='word_1_158' title='bbox 545 2925 737 2994; x_wconf 88' lang='lat' dir='ltr'>liquidumque</span> <span class='ocrx_word' id='word_1_159' title='bbox 754 2922 902 2991; x_wconf 82' lang='lat' dir='ltr'>plumbrun.</span> <span class='ocrx_word' id='word_1_160' title='bbox 964 2937 989 2975; x_wconf 78' lang='lat' dir='ltr'>ao</span> 
     </span>
     <span class='ocr_line' id='line_1_37' title="bbox 272 3000 792 3072; baseline -0.01 -14"><span class='ocrx_word' id='word_1_161' title='bbox 272 3003 312 3058; x_wconf 80' lang='lat' dir='ltr'>&#39;le</span> <span class='ocrx_word' id='word_1_162' title='bbox 329 3003 398 3072; x_wconf 80' lang='lat' dir='ltr'>Spes</span> <span class='ocrx_word' id='word_1_163' title='bbox 416 3005 446 3056; x_wconf 89' lang='lat' dir='ltr'>et</span> <span class='ocrx_word' id='word_1_164' title='bbox 463 3001 525 3055; x_wconf 90' lang='lat' dir='ltr'>albo</span> <span class='ocrx_word' id='word_1_165' title='bbox 542 3017 606 3055; x_wconf 86' lang='lat' dir='ltr'>rara</span> <span class='ocrx_word' id='word_1_166' title='bbox 625 3001 709 3054; x_wconf 82' lang='lat' dir='ltr'>Fides</span> <span class='ocrx_word' id='word_1_167' title='bbox 727 3000 792 3053; x_wconf 86' lang='lat' dir='ltr'>colit</span> 
     </span>
     <span class='ocr_line' id='line_1_38' title="bbox 274 3076 834 3146; baseline -0.009 -14"><span class='ocrx_word' id='word_1_168' title='bbox 274 3078 374 3133; x_wconf 87' lang='lat' dir='ltr'>Velata</span> <span class='ocrx_word' id='word_1_169' title='bbox 390 3094 480 3146; x_wconf 91' lang='lat' dir='ltr'>panno</span> <span class='ocrx_word' id='word_1_170' title='bbox 497 3093 547 3132; x_wconf 90' lang='lat' dir='ltr'>neo</span> <span class='ocrx_word' id='word_1_171' title='bbox 564 3077 693 3130; x_wconf 89' lang='lat' dir='ltr'>comitem</span> <span class='ocrx_word' id='word_1_172' title='bbox 711 3076 834 3143; x_wconf 69' lang='lat' dir='ltr'>abnegat,</span> 
     </span>
     <span class='ocr_line' id='line_1_39' title="bbox 307 3154 725 3223; baseline -0.01 -15"><span class='ocrx_word' id='word_1_173' title='bbox 307 3154 456 3221; x_wconf 85' lang='lat' dir='ltr'>Utcunque</span> <span class='ocrx_word' id='word_1_174' title='bbox 473 3156 581 3206; x_wconf 84' lang='lat' dir='ltr'>mutata</span> <span class='ocrx_word' id='word_1_175' title='bbox 598 3155 725 3223; x_wconf 87' lang='lat' dir='ltr'>potentes</span> 
     </span>
     <span class='ocr_line' id='line_1_40' title="bbox 342 3226 794 3297; baseline -0.002 -16"><span class='ocrx_word' id='word_1_176' title='bbox 342 3228 429 3283; x_wconf 89' lang='lat' dir='ltr'>Veste</span> <span class='ocrx_word' id='word_1_177' title='bbox 448 3227 542 3282; x_wconf 89' lang='lat' dir='ltr'>domos</span> <span class='ocrx_word' id='word_1_178' title='bbox 559 3227 670 3282; x_wconf 83' lang='lat' dir='ltr'>inimica</span> <span class='ocrx_word' id='word_1_179' title='bbox 686 3226 794 3297; x_wconf 86' lang='lat' dir='ltr'>linquis.</span> 
     </span>
    </p>
   </div>
   <div class='ocr_carea' id='block_1_5' title="bbox 0 0 1145 3550">
    <p class='ocr_par' dir='ltr' id='par_1_5' title="bbox 0 0 1145 3550">
     <span class='ocr_line' id='line_1_41' title="bbox 0 0 1145 3550; baseline 0 0"><span class='ocrx_word' id='word_1_180' title='bbox 0 0 1145 3550; x_wconf 95' lang='lat' dir='ltr'> </span> 
     </span>
    </p>
   </div>
  </div>
 </body>
</html>
