2275 3550
389 186 532 235 EPODON
550 188 666 246 LIBER,
688 189 724 246 15,
745 189 782 234 16.
884 236 888 261 Ι
980 184 1014 241 99.

266 268 401 336 Inceptos‚
418 266 483 320 olim
500 267 663 334 promissum
681 282 798 334 carmen,
815 265 919 319 iambos

298 342 346 395 Ad
363 342 519 395 umbilicum
537 341 682 395 adducere.

263 416 290 469 N
291 433 325 470 on
342 417 424 471 alitor
442 417 531 471 Samio
549 417 644 471 dicunt
661 417 760 470 arsisse
779 416 906 485 Bathyllo

299 492 475 546 Anacreonta
493 493 605 559 Teium,
989 507 1010 546 ιο

264 567 316 632 Qui
334 585 466 636 persaepe
483 585 550 623 cava
566 569 707 623 testudine
724 568 801 622 flevit
819 584 939 621 amorem

297 643 323 696 N
325 660 360 696 on
377 644 545 698 elaboratum
561 644 599 698 ad
615 643 720 711 pedem.

263 717 358 772 Ureris
371 719 433 786 ipse
450 719 548 776 miser:
565 718 663 787 quodsi
680 735 734 771 non
751 718 887 786 pulchrior
903 717 974 785 ignis
1072 778 1077 787 ὁ

297 794 432 848 Accendit
449 793 586 848 obsessam
605 794 682 859 ilion,

262 869 359 923 Gaude
377 874 450 923 sorte
467 872 531 934 tua3
549 887 594 924 me
611 868 738 923 libertina
754 884 842 937 neque
860 885 914 922 uno
986 883 1008 923 15

293 944 433 1005 Contenta
451 944 559 1014 Phryne
576 947 703 999 macerat.

554 1085 616 1140 XV.

263 1166 326 1221 Nox
344 1169 404 1221 erat
421 1170 451 1221 et
467 1167 541 1220 caelo
558 1166 682 1233 fulgebat
698 1167 764 1220 luna
781 1182 875 1220 sereno
963 1235 966 1241 .

298 1242 377 1295 Inter
393 1243 497 1295 minora
514 1242 613 1310 sidera,

264 1316 333 1371 (lum
348 1321 381 1371 tu
398 1333 559 1385 magnorum
576 1333 676 1370 numen
693 1317 800 1371 laesura
817 1317 929 1371 deorum

297 1393 331 1445 In
349 1392 433 1446 verba
445 1392 559 1461 jurabas
576 1409 645 1459 mea,

262 1467 358 1521 Artius
369 1472 452 1537 atque
464 1468 566 1522 hedera
578 1484 689 1537 procera
700 1468 880 1535 adstringItur
890 1468 953 1536 ilex,
992 1483 1006 1524 ε

296 1543 390 1597 Lentis
407 1543 558 1597 adhaerens
574 1542 707 1598 brachiis:

146 1646 148 1650 ·
199 1660 203 1665 .
261 1616 334 1671 Dum
350 1618 441 1687 pecori
458 1619 537 1687 lupus
555 1622 585 1673 et
601 1619 691 1672 nautis
708 1619 822 1674 infestus
840 1620 924 1673 Orion

295 1693 429 1747 Turbaret
445 1693 588 1747 hibernum
606 1711 689 1761 mare,

261 1767 440 1838 Intonsosquo
458 1769 576 1837 agitaret
594 1769 729 1838 Apollinis
746 1787 812 1824 aura
829 1770 946 1839 capillos,

295 1844 365 1897 Fore
382 1844 454 1897 hunc
470 1860 591 1898 amorem
608 1848 741 1898 mutuum.
982 1861 1004 1900 io

261 1916 285 1970 0
302 1917 422 1971 dolitura
437 1934 500 1971 mea
515 1918 632 1971 multum
649 1919 752 1972 virtute
770 1920 891 1973 Neaera!

294 1992 366 2045 Nam
383 1993 406 2045 si
424 1993 491 2061 quid
507 1992 536 2046 in
555 1994 651 2046 Flacco
668 1993 720 2046 viri
737 1998 787 2061 est,

259 2066 322 2122 Non
338 2068 410 2121 feret
427 2066 550 2122 assiduas
566 2067 666 2135 potiori
682 2071 712 2122 te
730 2068 797 2123 dare
813 2074 915 2138 noctes,

294 2143 331 2198 Et
348 2146 462 2212 quaeret
478 2143 564 2197 natus
581 2160 683 2211 parem,

258 2216 285 2271 N
286 2234 317 2271 ec
334 2219 417 2273 semel
435 2218 551 2272 offensae
568 2219 649 2272 cedet
666 2220 817 2274 constantia
834 2222 944 2290 formae,
981 2238 1004 2279 15

292 2293 321 2347 Si
338 2297 430 2347 certus
446 2294 555 2348 intrarit
573 2293 656 2347 dolor.

257 2366 295 2422 Et
311 2372 350 2437 tu,
369 2370 523 2437 quicunque
541 2385 572 2423 es
588 2369 691 2423 felicior
707 2373 791 2439 atque
808 2387 869 2425 meo
885 2388 957 2428 nunc

291 2443 431 2512 Superbus
448 2445 552 2498 incedis
568 2445 647 2511 malo,
761 2461 765 2467 ·

257 2518 300 2573 Sis
317 2536 415 2587 pecore
433 2523 463 2573 et
479 2519 566 2573 multa
584 2519 660 2572 dives
677 2519 776 2574 tellure
793 2520 887 2577 licebit

292 2594 407 2664 'libiquo
425 2594 552 2649 Pactolus
570 2594 644 2660 fluat,
978 2614 1003 2656 zo

256 2668 362 2724 Necte
381 2670 550 2739 Pythagorae
567 2670 664 2724 fallant
681 2686 778 2724 arcana
795 2672 891 2742 renati,

253 2779 256 2784 ·
292 2745 444 2814 Formaque
461 2747 552 2800 vincas
570 2746 663 2813 Nirea,

216 2868 221 2880 ,
260 2819 338 2873 Eheu
355 2821 502 2874 translatos
518 2821 572 2875 alio
588 2820 724 2875 maerebis
741 2837 864 2880 amores:

292 2897 348 2950 Ast
365 2912 416 2964 ego
433 2895 551 2950 vicissim
568 2897 662 2952 risero.

537 3038 617 3093 XVI.

228 3126 343 3174 annuns
355 3120 415 3188 jam
432 3120 532 3175 teritur
548 3120 627 3175 bellis
644 3120 767 3175 civilibus
784 3125 866 3189 aetas,

260 3194 323 3250 Suis
340 3199 369 3250 et
386 3195 446 3265 ipsa
464 3195 552 3250 Roma
568 3195 673 3250 uiribus
688 3196 761 3251 mit:
