2275 3550
424 195 641 245 SATIRARUM
656 197 696 247 ΙΙ.
714 199 737 247 2.
961 198 1005 244 13³

158 272 230 337 Quin
246 272 294 327 ubi
313 273 343 328 se
360 290 377 328 a
393 275 474 343 vulgo
492 278 521 330 et
539 292 618 331 scena
635 277 664 331 in
681 281 788 332 secreta
804 281 943 334 remorant

157 348 255 402 Virtus
273 349 415 417 Scipiadae
433 356 468 404 ct'
478 351 553 405 mitis
571 352 705 420 sapientia
721 353 805 421 laeli,

155 423 183 476 N
184 426 261 492 ugari
280 442 341 478 ciun
358 426 405 479 illo
423 430 453 480 et
470 427 595 481 discincti
612 428 709 481 ludere
726 429 814 482 donoc
868 490 873 494 ,

156 498 364 569 Decoqueretur
383 501 443 555 olus
460 501 540 556 soliti.
577 503 717 572 Quidquid
735 520 795 557 sum
813 521 871 573 ego,
884 504 1007 574 quamvis

156 573 234 630 Infra
251 576 338 630 Lucili
355 593 467 631 censum
484 578 684 646 ingeniumque,
702 583 795 633 tamen
813 596 858 633 me
983 594 1007 633 ss

156 650 225 707 eum
243 652 349 720 magnis
366 652 467 706 vixisse
484 653 572 707 invita
588 654 721 707 fatebitur
736 671 824 723 usque

155 719 272 787 Invidia
291 724 321 775 et
338 721 428 788 fragili
446 738 582 789 quaerens
597 722 706 776 illidere
723 723 835 777 dentem

155 794 284 850 Offendet
301 796 403 862 solido;
419 798 471 850 nisi
489 797 557 866 quid
573 800 613 865 tu,
631 798 712 852 docte
729 798 849 865 Trebati,

154 869 312 926 Dissentis.''
344 872 502 941 “Equidem
521 871 588 926 nihil
605 873 668 927 hinc
685 873 830 928 diffindere
846 889 966 942 possum.

154 946 211 1000 Sed
227 951 320 1002 tamen
337 951 370 1002 ut
387 948 507 1002 monitus
524 964 628 1015 caveas,
646 965 682 1002 ne
698 950 770 1003 forte
787 949 880 1016 negoti
981 966 1007 1005 so

154 1023 277 1076 Incutiat
294 1023 346 1077 tibi
365 1023 432 1099 quid
450 1026 606 1077 sanctarum
623 1024 731 1078 inscitia
747 1025 856 1092 legum:

153 1098 183 1151 si
200 1099 272 1152 mala
289 1098 443 1152 condiderit
460 1098 489 1151 in
507 1115 589 1167 quem
607 1098 670 1167 quis
685 1100 812 1167 carmina,
825 1099 873 1166 jus
890 1102 936 1152 est
980 1101 983 1105 ’

153 1174 370 1244 Juoioiumquel’
400 1175 416 1201 “
423 1174 497 1240 Esto,
517 1174 540 1225 si
558 1174 620 1242 quis
637 1174 726 1238 mala;
750 1174 799 1229 sed
816 1173 888 1227 bona
904 1175 928 1228 si
945 1174 1009 1244 quis

153 1249 172 1302 J
174 1250 255 1304 udice
272 1250 426 1303 condiderit
443 1248 574 1302 laudatus
591 1250 726 1303 Caesarei
744 1250 768 1303 si
785 1250 864 1318 quis'

153 1325 317 1396 Opprobriis
333 1325 445 1392 dignum
462 1324 611 1392 intraverit,
629 1325 736 1393 integer
752 1325 843 1395 ipsei’'
983 1341 1008 1381 aa

152 1402 324 1459 “Solventur
341 1401 399 1454 risu
415 1397 536 1467 tabulae,
551 1403 584 1454 tu
601 1399 702 1454 missus
718 1400 827 1455 abibis?

556 1544 599 1599 ΙΙ.

152 1641 234 1704 Quam
251 1638 339 1693 virtus
356 1640 386 1693 et
403 1640 512 1706 quanta,
529 1636 603 1705 boni,
622 1638 659 1692 sit
675 1637 768 1693 vivere
784 1654 868 1708 parvo

152 1716 220 1784 (Nec
238 1729 315 1768 meus
332 1714 376 1766 hie
394 1729 483 1767 sermo
501 1717 551 1783 est,
569 1714 619 1767 sed
637 1730 709 1782 quae
724 1716 865 1783 praecepit
884 1713 971 1767 Ofella

152 1791 289 1858 Rusticus,
308 1790 446 1843 abnormis
463 1789 578 1856 sapiens,
596 1806 741 1858 crassaque
759 1790 902 1857 Minerva)

151 1866 263 1931 Discite,
280 1882 334 1918 non
351 1865 425 1917 inter
441 1863 533 1917 lances
549 1881 712 1931 mensasque
729 1865 851 1917 nitentes

151 1941 222 1996 (lum
240 1943 334 2006 stupet
350 1939 452 1992 insanis
470 1938 541 1991 acies
558 1938 710 2005 fulgoribus
728 1942 837 1991 etcum

151 2016 274 2070 Aeelinis
293 2014 369 2067 falsis
386 2013 493 2066 animus
509 2012 622 2066 meliora
639 2016 755 2079 recusat,

151 2092 256 2144 Verum
274 2089 319 2142 hic
336 2088 466 2157 impransi
484 2104 591 2141 mecum
608 2088 760 2157 disquirite.
796 2087 853 2144 Gur
869 2088 939 2144 hocf

151 2165 248 2221 Dicam
266 2165 290 2218 si
307 2166 411 2233 potero,
446 2161 520 2216 Male
537 2180 633 2217 verum
650 2164 789 2218 examinat
805 2165 895 2218 omnis

150 2243 304 2311 Corruptus
318 2239 415 2308 judex.
450 2238 584 2308 Leporem
602 2243 722 2293 sectatus
740 2255 844 2308 equove

150 2319 251 2373 Lassus
269 2317 304 2371 ab
322 2314 463 2383 indomito,
482 2314 526 2369 vel
544 2315 567 2368 si
587 2315 711 2369 Romana
727 2315 827 2383 fatigat
983 2333 1006 2371 ro

150 2395 252 2448 Militia
270 2395 410 2448 assuetum
428 2391 557 2460 graecari,
576 2408 624 2445 seu
641 2392 698 2460 pila
713 2390 793 2444 velox

150 2470 272 2523 Molliter
289 2472 429 2523 austerum
447 2467 539 2521 studio
555 2467 668 2521 fallente
685 2466 814 2535 laborem,

151 2546 206 2599 Seu
223 2549 252 2598 te
270 2544 361 2598 discus
379 2545 443 2611 agit,
460 2546 526 2611 pete
543 2542 687 2596 cedentem
704 2547 768 2595 aera
785 2543 876 2609 disco;

151 2620 221 2675 Cum
241 2620 318 2674 labor
336 2618 479 2673 extuderit
495 2618 614 2684 fastidia,
634 2617 727 2684 siccus,
744 2617 832 2671 inanis

150 2696 256 2764 Sperne
273 2696 362 2748 cibum
380 2694 479 2758 vilem3
500 2693 552 2747 nisi
572 2693 715 2760 Hymettia
731 2694 812 2746 mella
830 2692 945 2747 Falerno
981 2707 1004 2748 rs

150 2770 176 2823 N
179 2787 195 2824 e
213 2770 316 2824 biberis
334 2769 428 2823 diluta.
464 2769 545 2821 Foris
561 2772 605 2822 est
622 2785 734 2836 promus
751 2772 781 2822 et
798 2773 888 2822 atrum

151 2844 310 2898 Defendens
327 2844 416 2911 pisces
432 2843 536 2897 hiemat
553 2860 646 2897 mare:
663 2860 725 2897 cum
743 2843 800 2896 sale
816 2839 898 2912 panis

151 2920 313 2973 latrantem
331 2917 500 2971 stomachum
519 2918 590 2971 bene
607 2919 698 2973 leniet.
734 2918 816 2971 Unde
835 2922 917 2985 putas
937 2921 985 2972 aut

151 2995 205 3059 Qui
223 2994 353 3063 parturn?
390 2993 452 3045 Non
469 2992 498 3045 in
516 3009 579 3046 caro
597 2994 693 3047 nidore
710 2994 836 3061 voluptas

151 3071 265 3125 Summa
283 3068 379 3123 sedin
397 3072 425 3121 tc
442 3068 501 3135 ipso
518 3072 568 3121 est.
605 3068 646 3121 Tu
663 3069 844 3138 pulmentaria
861 3083 962 3136 quaere
978 3084 1005 3123 ao

151 3145 300 3210 Sudando;
319 3143 451 3213 pinguem
468 3143 543 3197 vitiis
560 3143 707 3212 albumque
725 3160 814 3211 neque
833 3146 924 3197 ostrea

150 3220 211 3275 Nec
227 3235 320 3275 scarus
337 3223 386 3273 aut
402 3217 504 3287 poterit
521 3219 668 3287 peregrina
681 3218 779 3286 juvare
796 3217 890 3287 lagois.
