2275 3550
129 190 174 242 174
401 188 553 237 HORATII
571 189 700 238 FLACCI

127 268 252 326 Caesaris
269 268 374 337 accepit
390 269 505 336 genibus
522 268 626 333 minor;
645 285 729 323 aurea
745 269 839 338 fruges

127 345 225 401 Italiae
241 345 321 415 pleno
339 344 466 398 defundit
484 341 569 413 Copia
586 360 677 398 cornu.

513 487 598 542 XIII.
621 551 623 554 ¹

126 567 170 622 Ur
186 568 404 637 proficiscentem
422 568 502 623 docui
518 573 548 623 te
566 586 648 639 saepo
666 569 770 639 diuque

126 645 252 712 Augusto
270 645 370 698 reddes
388 646 495 713 signata
511 644 656 712 volumina,
675 645 748 713 Vini,
767 670 773 684 ·

126 717 155 771 si
172 719 285 789 validus,
303 721 327 774 si
344 721 434 776 laetus
450 722 511 788 erit
531 721 554 774 si
571 720 690 789 denique
706 725 818 789 poscet3

125 793 151 847 N
153 811 170 847 e
187 795 278 850 studio
295 796 382 850 nostri
399 812 494 865 pecces
511 796 661 864 odiumque
679 795 778 851 libellis

125 868 242 925 Sedulus
259 871 390 939 importes
407 888 490 940 opera
507 871 669 926 vehemente
686 871 818 929 minister.
967 889 983 929 a

125 945 154 1000 si
172 950 202 1001 te
218 947 291 1002 forte
307 964 385 1002 meae
401 948 492 1015 gravis
508 950 573 1001 uret
590 948 695 1000 sarcina
712 947 830 1016 chartae,

124 1021 247 1090 Abjieito
264 1023 355 1091 potius
373 1040 456 1092 quam
474 1039 527 1091 quo
544 1023 667 1091 perterre
680 1022 788 1090 juberis

125 1097 247 1153 Clitellas
264 1099 340 1152 ierus
357 1098 498 1166 impingas,
517 1098 676 1167 Asinaeque
692 1102 836 1167 paternum

125 1173 280 1242 Cognomen
297 1178 389 1229 vertas
406 1175 435 1227 in
453 1175 538 1227 risum
556 1177 586 1227 et
602 1173 695 1227 fabula
711 1174 769 1246 fias

124 1249 238 1303 Viribus
255 1250 342 1305 uteris
359 1248 516 1318 perdives,
533 1249 653 1315 flumina,
671 1249 774 1316 lamas;
955 1265 978 1305 lo

124 1324 221 1379 Victor
238 1325 371 1394 propositi
388 1325 469 1379 simul
486 1341 518 1378 ae
534 1324 691 1393 perveneris
708 1325 779 1393 illuc,

124 1400 169 1455 Sic
186 1402 306 1469 positum
323 1400 446 1456 servabis
463 1416 539 1468 onus,
556 1416 592 1453 ne
609 1400 681 1454 forte
699 1400 750 1455 sub
768 1400 812 1455 ala

125 1476 294 1530 Fasciculum
311 1479 404 1543 portes
421 1475 560 1542 librorum,
578 1479 611 1529 ut
627 1476 745 1529 rusticus
762 1491 870 1545 agnum,

123 1550 164 1605 Ut
181 1552 273 1605 vinosa
290 1552 396 1618 glomus
413 1551 531 1603 furtivae
551 1550 665 1618 Pyrrhia
682 1551 767 1620 lanae,

123 1626 165 1681 Ut
181 1643 243 1681 cum
260 1627 358 1695 pileolo
376 1625 463 1680 soleas
481 1627 592 1680 conviva
609 1625 726 1681 tribulis.
951 1645 972 1684 15

122 1700 150 1755 N
152 1718 168 1755 e
184 1700 264 1770 vulgo
281 1718 376 1756 narres
393 1705 422 1755 te
440 1701 580 1755 sudavisse
597 1701 710 1756 ferendo

123 1777 258 1847 Carmina,
277 1794 347 1847 quae
364 1778 470 1847 possint
487 1778 578 1831 oeulos
596 1795 732 1847 auresque
749 1778 849 1833 morari

124 1854 262 1917 Caesaris3
279 1858 372 1909 oratus
389 1853 476 1908 multa
492 1871 574 1923 prece
590 1855 679 1907 nitere
695 1870 784 1923 porro.

122 1928 211 1999 Vade,
227 1929 294 1995 vale,
312 1945 430 1984 caveus
447 1929 551 1984 titubes
568 1929 752 1998 mandataque
771 1930 885 1999 frangas
930 2011 936 2022 ὗ

508 2074 588 2129 XIV.

122 2157 242 2212 Vmerou
260 2157 387 2212 silvarum
404 2159 434 2211 et
451 2156 519 2209 mihi
535 2172 581 2209 me
597 2155 740 2211 reddentis
757 2156 845 2226 agelli,

123 2232 211 2297 Quem
227 2236 260 2286 tu
276 2232 385 2285 fastidis
402 2231 556 2285 habitatum
574 2232 696 2300 quinque
712 2233 780 2286 iocis
797 2237 828 2286 et

122 2308 247 2377 Quinque
264 2306 350 2360 bonos
367 2306 477 2359 solitum
495 2306 608 2359 Variam
626 2307 767 2362 dimittere
783 2312 883 2377 patres,
967 2336 969 2339 ·

122 2383 265 2438 Certemus
282 2382 373 2450 spinas
390 2382 514 2434 animone
531 2398 583 2449 ego
599 2382 697 2435 fortius
715 2400 750 2437 an
760 2387 799 2456 ¹tu

121 2458 230 2514 Evellas
247 2474 319 2525 agro
338 2461 368 2511 et
385 2457 480 2510 melior
498 2457 534 2510 sit
553 2458 686 2511 Horatius
704 2476 740 2512 an
757 2476 808 2514 res
956 2475 970 2515 s

121 2534 169 2589 Me
186 2533 309 2603 quamvis
327 2532 439 2597 Lamiae
456 2533 545 2601 pietas
561 2537 592 2586 et
610 2550 675 2586 cura
692 2539 813 2588 moratur

121 2610 248 2665 llratrem
265 2608 421 2676 maerentis,
438 2612 517 2676 rapto
535 2609 571 2662 de
587 2609 673 2662 fratre
691 2610 808 2665 dolentis

121 2668 311 2756 Insolabilitei‚
328 2688 421 2738 tamen
438 2685 509 2737 istuc
526 2701 603 2738 mens
620 2685 779 2754 animusque
809 2736 812 2741 .

120 2760 189 2816 Fert
206 2766 235 2815 et
251 2764 326 2815 amat
343 2760 438 2829 spatiis
455 2759 592 2814 obstantia
609 2777 736 2829 rumpere
752 2762 877 2817 claustra

119 2836 196 2891 Rure
213 2853 263 2906 ego
280 2836 425 2902 viventem,
442 2838 475 2889 tu
493 2835 561 2889 dicis
578 2837 607 2889 in
623 2836 692 2889 urbe
709 2835 834 2891 beatum:
947 2852 967 2892 ro
1020 2877 1022 2881 -

119 2912 170 2965 Oui
187 2913 277 2982 placet
294 2911 406 2966 alterius
424 2928 473 2965 sua
489 2912 618 2964 nimirum
636 2917 679 2966 est
696 2912 759 2965 odie
776 2929 841 2966 sors.

28 3042 29 3047 ,
118 2985 225 3041 Stultus
243 2991 359 3056 uterque
376 2986 465 3041 locum
482 2987 649 3039 immeritum
667 2991 793 3040 causatur
810 2988 916 3055 inique:

119 3059 152 3113 In
170 3064 249 3131 culpa
266 3066 310 3117 est
327 3064 440 3131 animus,
458 3062 505 3130 qui
523 3078 553 3114 se
571 3078 624 3114 non
642 3061 738 3128 effugit
755 3078 882 3130 unquam.

117 3133 159 3186 'lu
176 3138 353 3191 mediastinus
371 3139 456 3191 tacita
473 3153 553 3203 prece
571 3152 635 3187 rura
651 3136 771 3202 petebas,

117 3205 196 3259 Nune
213 3213 309 3263 urbem
327 3216 357 3264 et
374 3213 452 3264 ludos
470 3214 500 3262 et
518 3210 615 3261 balnea
631 3209 846 3277 villicus'oplas3
944 3226 964 3265 1⁵
