2275 3550
411 204 615 264 CARMINUM
633 204 670 253 ΙΙ.
689 207 712 264 2,
732 206 755 253 3.
884 246 887 251 .
977 201 1009 256 27
1116 230 1117 255 τ

329 291 455 344 Testatur
472 287 653 355 auditumque
671 286 763 340 Medis
987 306 989 310 ⁴
1116 290 1117 301 ¹

363 364 516 433 Hesperiae
533 364 653 418 sonitum
670 364 783 417 ruinael
828 432 830 436 s

295 439 348 505 Qui
365 457 465 508 gurges
483 444 531 494 aut
549 457 620 509 quae
637 439 749 494 flumina
765 436 891 507 lugubris

227 516 230 525 '
295 515 396 585 Ignara
412 516 477 569 belli
488 518 497 570 'l
516 516 591 585 quod
607 530 683 570 mare
701 516 825 569 Dauniae

328 592 355 645 N
357 609 392 644 on
411 593 600 646 decoloravere
617 592 734 646 caedesl
984 598 1010 637 35

364 668 440 732 Quae
457 671 534 722 caret
550 684 599 721 ora
616 684 712 721 cruore
728 668 841 721 nostrai

295 743 352 798 Sed
368 760 404 798 ue
421 744 531 812 relictis,
549 744 631 797 Musa
647 760 755 813 procax,
768 741 840 811 jocis

295 819 368 877 (leae
384 823 517 874 retractes
534 836 648 873 munera
665 820 778 874 neniae:

330 895 438 949 Mecum
457 896 579 950 Dionaeo
597 896 648 949 sub
666 900 745 950 antro

364 970 470 1036 Quaere
487 971 583 1026 modos
600 972 701 1026 leriore
717 971 828 1041 plectro.

564 1114 605 1168 ΙΙ.

295 1198 321 1251 N
324 1214 411 1251 mars
427 1200 541 1265 argento
559 1197 633 1250 color
650 1196 798 1251 astaretis

295 1272 401 1326 Abdito
413 1273 509 1335 tenis,
526 1272 635 1326 inimice
653 1272 759 1326 lamnae

296 1348 392 1416 Crispe
410 1348 528 1419 Sallusti.
545 1348 599 1401 nisi
616 1352 769 1417 temperato

330 1423 480 1493 Splendeat
496 1440 555 1477 usu.

295 1498 379 1553 Vivet
396 1503 508 1554 extento
527 1499 684 1553 Proculeius
701 1516 768 1554 aevo

275 1587 280 1596 ·
295 1575 386 1630 Notus
403 1576 432 1629 in
449 1575 550 1629 fratres
568 1576 652 1628 animi
670 1576 792 1644 paterni3

296 1651 378 1705 Illum
395 1655 460 1720 aget
476 1667 566 1719 penna
583 1655 724 1706 metuente
742 1651 808 1706 solvi
880 1722 882 1727 Ι

329 1727 414 1782 Fama
432 1732 579 1796 superstes.

295 1803 392 1857 Latius
409 1820 507 1872 regnes
524 1804 635 1857 avidum
653 1804 790 1858 domando

295 1879 436 1953 Spiritum,
454 1895 536 1947 quam
554 1880 578 1931 si
596 1878 711 1946 Libyam
729 1883 841 1933 remotis

295 1954 420 2008 Gadibus
431 1953 534 2022 jungas
551 1957 581 2008 et
597 1956 715 2023 uterque
733 1953 841 2008 Poenus

332 2029 440 2083 Serviat
458 2029 513 2082 nni.

295 2104 402 2159 Crescit
418 2104 563 2173 indulgens
581 2104 634 2158 sibi
652 2105 729 2159 dirus
746 2105 872 2176 hydrops,

296 2181 356 2235 Nec
372 2180 447 2235 sitim
462 2181 542 2250 pellit
558 2181 612 2235 uisi
630 2198 711 2236 causa
728 2181 815 2236 morbi
896 2211 898 2213 ·

297 2257 411 2325 Fugerit
428 2257 505 2312 venis
523 2260 552 2311 et
569 2274 687 2328 aquosus
707 2258 768 2312 albo

330 2333 449 2402 Corpore
466 2333 588 2401 languor.

296 2408 447 2464 Redditum
466 2410 529 2478 Gyri
548 2410 614 2464 solio
633 2410 770 2464 Phraaten

296 2486 440 2540 Dissidens
456 2486 530 2554 plebi
548 2502 662 2540 numero
679 2486 823 2541 beatorum
841 2555 842 2558 Ἴ
938 2502 940 2505 ·

296 2562 401 2617 Eximit
418 2562 523 2631 Virtus,
540 2563 725 2632 populumque
742 2563 817 2617 falsis

330 2638 455 2692 Dedecet
471 2638 512 2691 uti
668 2675 671 2680 ,

296 2713 424 2782 Vocibus,
442 2730 557 2781 regnum
574 2717 605 2768 ct
622 2714 749 2769 diadema
765 2718 856 2772 tutum

296 2788 430 2843 Deferens
446 2790 495 2842 uni
511 2790 704 2859 propriamque
721 2791 828 2844 laurum

297 2864 427 2933 Quisquis
444 2865 569 2933 ingentes
588 2866 665 2920 oculo
682 2867 815 2922 inretorto

331 2940 444 3011 Spectat
461 2956 578 2995 acervos.

557 3085 616 3141 III.

299 3169 424 3227 Asanam
441 3171 580 3223 memento
598 3167 681 3222 rebus
697 3169 727 3224 in
744 3168 838 3223 arduis

298 3244 413 3297 Servare
430 3248 558 3309 mentem,
576 3260 631 3296 non
649 3260 727 3296 secus
744 3244 773 3297 in
788 3242 866 3298 bonis
