<?xml version="1.0" encoding="UTF-8"?>
<!DOCTYPE html PUBLIC "-//W3C//DTD XHTML 1.0 Transitional//EN"
    "http://www.w3.org/TR/xhtml1/DTD/xhtml1-transitional.dtd">
<html xmlns="http://www.w3.org/1999/xhtml" xml:lang="en" lang="en">
 <head>
  <title>
</title>
<meta http-equiv="Content-Type" content="text/html;charset=utf-8" />
  <meta name='ocr-system' content='tesseract 3.04.00' />
  <meta name='ocr-capabilities' content='ocr_page ocr_carea ocr_par ocr_line ocrx_word'/>
</head>
<body>
  <div class='ocr_page' id='page_1' title='image "./quintihoraticfl00maclgoog_0117.png"; bbox 0 0 2275 3550; ppageno 0'>
   <div class='ocr_carea' id='block_1_1' title="bbox 400 170 1121 262">
    <p class='ocr_par' dir='ltr' id='par_1_1' title="bbox 400 170 1121 262">
     <span class='ocr_line' id='line_1_1' title="bbox 400 170 1121 262; baseline 0.003 -11"><span class='ocrx_word' id='word_1_1' title='bbox 400 200 546 251; x_wconf 71' lang='lat' dir='ltr'>necnon</span> <span class='ocrx_word' id='word_1_2' title='bbox 562 199 740 262; x_wconf 76' lang='lat' dir='ltr'>LIBER,17.</span> <span class='ocrx_word' id='word_1_3' title='bbox 954 202 1005 252; x_wconf 83' lang='lat' dir='ltr'>ror·</span> <span class='ocrx_word' id='word_1_4' title='bbox 1119 170 1121 191; x_wconf 78' lang='lat'>&#39;</span> 
     </span>
    </p>
   </div>
   <div class='ocr_carea' id='block_1_2' title="bbox 212 281 1000 2084">
    <p class='ocr_par' dir='ltr' id='par_1_2' title="bbox 215 281 921 425">
     <span class='ocr_line' id='line_1_2' title="bbox 215 281 921 352; baseline -0.001 -14"><span class='ocrx_word' id='word_1_5' title='bbox 215 281 320 339; x_wconf 79' lang='lat' dir='ltr'><strong>Reddit</strong></span> <span class='ocrx_word' id='word_1_6' title='bbox 336 281 385 335; x_wconf 90' lang='lat' dir='ltr'>ubi</span> <span class='ocrx_word' id='word_1_7' title='bbox 403 282 532 335; x_wconf 82' lang='lat' dir='ltr'>Cererem</span> <span class='ocrx_word' id='word_1_8' title='bbox 549 281 632 335; x_wconf 84' lang='lat' dir='ltr'>tellus</span> <span class='ocrx_word' id='word_1_9' title='bbox 649 282 757 336; x_wconf 85' lang='lat' dir='ltr'>inarata</span> <span class='ocrx_word' id='word_1_10' title='bbox 775 281 921 352; x_wconf 77' lang='lat' dir='ltr'><strong>quotannis</strong></span> 
     </span>
     <span class='ocr_line' id='line_1_3' title="bbox 250 356 751 425; baseline -0.002 -14"><span class='ocrx_word' id='word_1_11' title='bbox 250 357 289 411; x_wconf 82' lang='lat' dir='ltr'>Et</span> <span class='ocrx_word' id='word_1_12' title='bbox 304 356 441 425; x_wconf 77' lang='lat' dir='ltr'>imputata</span> <span class='ocrx_word' id='word_1_13' title='bbox 458 356 539 410; x_wconf 89' lang='lat' dir='ltr'>floret</span> <span class='ocrx_word' id='word_1_14' title='bbox 556 373 645 425; x_wconf 87' lang='lat' dir='ltr'>usque</span> <span class='ocrx_word' id='word_1_15' title='bbox 663 357 751 424; x_wconf 87' lang='lat' dir='ltr'>vinea,</span> 
     </span>
    </p>

    <p class='ocr_par' dir='ltr' id='par_1_3' title="bbox 214 431 1000 577">
     <span class='ocr_line' id='line_1_4' title="bbox 214 431 1000 501; baseline -0.003 -13"><span class='ocrx_word' id='word_1_16' title='bbox 214 431 358 488; x_wconf 85' lang='lat' dir='ltr'>Germinat</span> <span class='ocrx_word' id='word_1_17' title='bbox 375 436 405 486; x_wconf 88' lang='lat' dir='ltr'>et</span> <span class='ocrx_word' id='word_1_18' title='bbox 422 448 560 500; x_wconf 85' lang='lat' dir='ltr'>nunquam</span> <span class='ocrx_word' id='word_1_19' title='bbox 577 431 696 485; x_wconf 86' lang='lat' dir='ltr'>fallentis</span> <span class='ocrx_word' id='word_1_20' title='bbox 713 435 816 486; x_wconf 87' lang='lat' dir='ltr'>termes</span> <span class='ocrx_word' id='word_1_21' title='bbox 833 431 927 501; x_wconf 80' lang='lat' dir='ltr'>olivae,</span> <span class='ocrx_word' id='word_1_22' title='bbox 976 446 1000 487; x_wconf 70' lang='grc' dir='ltr'>ιε</span> 
     </span>
     <span class='ocr_line' id='line_1_5' title="bbox 249 507 809 577; baseline -0.004 -15"><span class='ocrx_word' id='word_1_23' title='bbox 249 508 388 577; x_wconf 80' lang='lat' dir='ltr'>Suamque</span> <span class='ocrx_word' id='word_1_24' title='bbox 405 508 480 575; x_wconf 88' lang='lat' dir='ltr'>pulla</span> <span class='ocrx_word' id='word_1_25' title='bbox 496 508 564 561; x_wconf 90' lang='lat' dir='ltr'>ficus</span> <span class='ocrx_word' id='word_1_26' title='bbox 582 511 662 561; x_wconf 86' lang='lat' dir='ltr'>ornat</span> <span class='ocrx_word' id='word_1_27' title='bbox 675 507 809 574; x_wconf 82' lang='lat' dir='ltr'>arborem,</span> 
     </span>
    </p>

    <p class='ocr_par' dir='ltr' id='par_1_4' title="bbox 214 581 890 728">
     <span class='ocr_line' id='line_1_6' title="bbox 214 581 890 650; baseline -0.003 -12"><span class='ocrx_word' id='word_1_28' title='bbox 214 583 299 638; x_wconf 87' lang='lat' dir='ltr'>Mella</span> <span class='ocrx_word' id='word_1_29' title='bbox 317 600 383 637; x_wconf 81' lang='lat' dir='ltr'>cava</span> <span class='ocrx_word' id='word_1_30' title='bbox 400 588 513 637; x_wconf 88' lang='lat' dir='ltr'>manant</span> <span class='ocrx_word' id='word_1_31' title='bbox 530 600 565 637; x_wconf 83' lang='lat' dir='ltr'>ex</span> <span class='ocrx_word' id='word_1_32' title='bbox 582 583 652 650; x_wconf 88' lang='lat' dir='ltr'>ilice,</span> <span class='ocrx_word' id='word_1_33' title='bbox 670 582 809 637; x_wconf 87' lang='lat' dir='ltr'>montibus</span> <span class='ocrx_word' id='word_1_34' title='bbox 827 581 890 636; x_wconf 87' lang='lat' dir='ltr'>altis</span> 
     </span>
     <span class='ocr_line' id='line_1_7' title="bbox 248 656 813 728; baseline 0.002 -18"><span class='ocrx_word' id='word_1_35' title='bbox 248 658 330 712; x_wconf 85' lang='lat' dir='ltr'>Levis</span> <span class='ocrx_word' id='word_1_36' title='bbox 347 661 477 727; x_wconf 81' lang='lat' dir='ltr'>crepante</span> <span class='ocrx_word' id='word_1_37' title='bbox 494 658 605 728; x_wconf 77' lang='lat' dir='ltr'><strong>lympha</strong></span> <span class='ocrx_word' id='word_1_38' title='bbox 623 656 718 711; x_wconf 86' lang='lat' dir='ltr'>desilit</span> <span class='ocrx_word' id='word_1_39' title='bbox 733 657 813 727; x_wconf 84' lang='lat' dir='ltr'>pede.</span> 
     </span>
    </p>

    <p class='ocr_par' dir='ltr' id='par_1_5' title="bbox 215 731 875 878">
     <span class='ocr_line' id='line_1_8' title="bbox 215 731 875 803; baseline 0 -17"><span class='ocrx_word' id='word_1_40' title='bbox 215 731 277 787; x_wconf 92' lang='lat' dir='ltr'>Illic</span> <span class='ocrx_word' id='word_1_41' title='bbox 293 733 413 803; x_wconf 88' lang='lat' dir='ltr'>injussac</span> <span class='ocrx_word' id='word_1_42' title='bbox 430 734 545 788; x_wconf 82' lang='lat' dir='ltr'>veniunt</span> <span class='ocrx_word' id='word_1_43' title='bbox 562 733 600 787; x_wconf 88' lang='lat' dir='ltr'>ad</span> <span class='ocrx_word' id='word_1_44' title='bbox 617 733 734 787; x_wconf 87' lang='lat' dir='ltr'>mulctra</span> <span class='ocrx_word' id='word_1_45' title='bbox 751 731 875 801; x_wconf 71' lang='lat' dir='ltr'>&lt;apellae</span> 
     </span>
     <span class='ocr_line' id='line_1_9' title="bbox 250 808 868 878; baseline 0.002 -17"><span class='ocrx_word' id='word_1_46' title='bbox 250 808 402 878; x_wconf 85' lang='lat' dir='ltr'>Refertque</span> <span class='ocrx_word' id='word_1_47' title='bbox 419 813 498 864; x_wconf 77' lang='lat' dir='ltr'>tenta</span> <span class='ocrx_word' id='word_1_48' title='bbox 514 824 583 877; x_wconf 82' lang='lat' dir='ltr'>grex</span> <span class='ocrx_word' id='word_1_49' title='bbox 601 809 704 862; x_wconf 79' lang='lat' dir='ltr'>amicus</span> <span class='ocrx_word' id='word_1_50' title='bbox 721 808 824 873; x_wconf 83' lang='lat' dir='ltr'>ubera3</span> <span class='ocrx_word' id='word_1_51' title='bbox 866 828 868 833; x_wconf 67' lang='grc'>’</span> 
     </span>
    </p>

    <p class='ocr_par' dir='ltr' id='par_1_6' title="bbox 215 883 866 1030">
     <span class='ocr_line' id='line_1_10' title="bbox 215 883 866 954; baseline 0 -16"><span class='ocrx_word' id='word_1_52' title='bbox 215 883 276 939; x_wconf 90' lang='lat' dir='ltr'>Nec</span> <span class='ocrx_word' id='word_1_53' title='bbox 293 884 673 954; x_wconf 79' lang='lat' dir='ltr'>vespertinus&#39;circumgemit</span> <span class='ocrx_word' id='word_1_54' title='bbox 689 900 770 938; x_wconf 86' lang='lat' dir='ltr'>ursus</span> <span class='ocrx_word' id='word_1_55' title='bbox 787 884 866 951; x_wconf 84' lang='lat' dir='ltr'>ovile,</span> 
     </span>
     <span class='ocr_line' id='line_1_11' title="bbox 249 960 837 1030; baseline 0 -16"><span class='ocrx_word' id='word_1_56' title='bbox 249 961 348 1030; x_wconf 89' lang='lat' dir='ltr'>Neque</span> <span class='ocrx_word' id='word_1_57' title='bbox 365 961 523 1015; x_wconf 87' lang='lat' dir='ltr'>intumescit</span> <span class='ocrx_word' id='word_1_58' title='bbox 540 961 598 1013; x_wconf 87' lang='lat' dir='ltr'>alta</span> <span class='ocrx_word' id='word_1_59' title='bbox 613 960 715 1028; x_wconf 83' lang='lat' dir='ltr'>viperis</span> <span class='ocrx_word' id='word_1_60' title='bbox 732 960 837 1014; x_wconf 83' lang='lat' dir='ltr'>humus.</span> 
     </span>
    </p>

    <p class='ocr_par' dir='ltr' id='par_1_7' title="bbox 215 1032 919 1180">
     <span class='ocr_line' id='line_1_12' title="bbox 215 1032 919 1105; baseline -0.003 -16"><span class='ocrx_word' id='word_1_61' title='bbox 215 1035 353 1105; x_wconf 82' lang='lat' dir='ltr'>Pluraque</span> <span class='ocrx_word' id='word_1_62' title='bbox 369 1036 462 1091; x_wconf 87' lang='lat' dir='ltr'>felices</span> <span class='ocrx_word' id='word_1_63' title='bbox 479 1036 656 1090; x_wconf 77' lang='lat' dir='ltr'>mirabimur:</span> <span class='ocrx_word' id='word_1_64' title='bbox 679 1038 713 1089; x_wconf 86' lang='lat' dir='ltr'>nt</span> <span class='ocrx_word' id='word_1_65' title='bbox 730 1052 820 1104; x_wconf 87' lang='lat' dir='ltr'>neque</span> <span class='ocrx_word' id='word_1_66' title='bbox 836 1032 919 1102; x_wconf 84' lang='lat' dir='ltr'>lurgis</span> 
     </span>
     <span class='ocr_line' id='line_1_13' title="bbox 251 1109 829 1180; baseline -0.002 -17"><span class='ocrx_word' id='word_1_67' title='bbox 251 1111 379 1180; x_wconf 89' lang='lat' dir='ltr'>Aquosus</span> <span class='ocrx_word' id='word_1_68' title='bbox 397 1112 488 1165; x_wconf 82' lang='lat' dir='ltr'>Eurus</span> <span class='ocrx_word' id='word_1_69' title='bbox 505 1127 572 1164; x_wconf 81' lang='lat' dir='ltr'>arra</span> <span class='ocrx_word' id='word_1_70' title='bbox 588 1110 671 1164; x_wconf 84' lang='lat' dir='ltr'>radat</span> <span class='ocrx_word' id='word_1_71' title='bbox 687 1109 829 1177; x_wconf 65' lang='lat' dir='ltr'>imbribus</span> 
     </span>
    </p>

    <p class='ocr_par' dir='ltr' id='par_1_8' title="bbox 216 1184 861 1329">
     <span class='ocr_line' id='line_1_14' title="bbox 216 1184 861 1257; baseline -0.002 -19"><span class='ocrx_word' id='word_1_72' title='bbox 216 1184 399 1257; x_wconf 75' lang='lat' dir='ltr'>Pinguianec</span> <span class='ocrx_word' id='word_1_73' title='bbox 416 1186 494 1239; x_wconf 88' lang='lat' dir='ltr'>siccis</span> <span class='ocrx_word' id='word_1_74' title='bbox 510 1189 626 1239; x_wconf 81' lang='lat' dir='ltr'>urentur</span> <span class='ocrx_word' id='word_1_75' title='bbox 644 1184 748 1239; x_wconf 83' lang='lat' dir='ltr'>semina</span> <span class='ocrx_word' id='word_1_76' title='bbox 765 1184 861 1252; x_wconf 83' lang='lat' dir='ltr'>glebis,</span> 
     </span>
     <span class='ocr_line' id='line_1_15' title="bbox 249 1258 835 1329; baseline -0.002 -15"><span class='ocrx_word' id='word_1_77' title='bbox 249 1260 407 1329; x_wconf 88' lang='lat' dir='ltr'>Utrumque</span> <span class='ocrx_word' id='word_1_78' title='bbox 424 1258 491 1329; x_wconf 68' lang='lat' dir='ltr'>rege</span> <span class='ocrx_word' id='word_1_79' title='bbox 508 1263 682 1329; x_wconf 76' lang='lat' dir='ltr'>temperante</span> <span class='ocrx_word' id='word_1_80' title='bbox 699 1260 835 1314; x_wconf 88' lang='lat' dir='ltr'>caelitum.</span> 
     </span>
    </p>

    <p class='ocr_par' dir='ltr' id='par_1_9' title="bbox 215 1334 873 1480">
     <span class='ocr_line' id='line_1_16' title="bbox 215 1334 845 1403; baseline -0.003 -14"><span class='ocrx_word' id='word_1_81' title='bbox 215 1334 278 1390; x_wconf 89' lang='lat' dir='ltr'>Non</span> <span class='ocrx_word' id='word_1_82' title='bbox 296 1336 350 1389; x_wconf 91' lang='lat' dir='ltr'>huc</span> <span class='ocrx_word' id='word_1_83' title='bbox 366 1335 460 1403; x_wconf 80' lang='lat' dir='ltr'>Argoo</span> <span class='ocrx_word' id='word_1_84' title='bbox 477 1334 620 1389; x_wconf 78' lang='lat' dir='ltr'>contendit</span> <span class='ocrx_word' id='word_1_85' title='bbox 636 1335 742 1402; x_wconf 86' lang='lat' dir='ltr'>remige</span> <span class='ocrx_word' id='word_1_86' title='bbox 758 1335 845 1403; x_wconf 86' lang='lat' dir='ltr'>pinus,</span> 
     </span>
     <span class='ocr_line' id='line_1_17' title="bbox 250 1409 873 1480; baseline -0.002 -15"><span class='ocrx_word' id='word_1_87' title='bbox 250 1410 349 1480; x_wconf 89' lang='lat' dir='ltr'>Neque</span> <span class='ocrx_word' id='word_1_88' title='bbox 366 1410 507 1479; x_wconf 80' lang='lat' dir='ltr'>impudice·</span> <span class='ocrx_word' id='word_1_89' title='bbox 523 1409 631 1465; x_wconf 83' lang='lat' dir='ltr'>Colchis</span> <span class='ocrx_word' id='word_1_90' title='bbox 647 1411 741 1464; x_wconf 87' lang='lat' dir='ltr'>intulit</span> <span class='ocrx_word' id='word_1_91' title='bbox 757 1410 873 1480; x_wconf 81' lang='lat' dir='ltr'>pedem3</span> 
     </span>
    </p>

    <p class='ocr_par' dir='ltr' id='par_1_10' title="bbox 215 1485 901 1631">
     <span class='ocr_line' id='line_1_18' title="bbox 215 1485 866 1541; baseline -0.002 -1"><span class='ocrx_word' id='word_1_92' title='bbox 215 1485 243 1540; x_wconf 93' lang='lat' dir='ltr'>N</span> <span class='ocrx_word' id='word_1_93' title='bbox 244 1502 279 1540; x_wconf 91' lang='lat' dir='ltr'>on</span> <span class='ocrx_word' id='word_1_94' title='bbox 296 1486 350 1541; x_wconf 89' lang='lat' dir='ltr'>buc</span> <span class='ocrx_word' id='word_1_95' title='bbox 367 1485 473 1540; x_wconf 80' lang='lat' dir='ltr'>Sidonii</span> <span class='ocrx_word' id='word_1_96' title='bbox 490 1489 632 1541; x_wconf 89' lang='lat' dir='ltr'>torserunt</span> <span class='ocrx_word' id='word_1_97' title='bbox 648 1501 749 1541; x_wconf 86' lang='lat' dir='ltr'>cornua</span> <span class='ocrx_word' id='word_1_98' title='bbox 765 1489 866 1540; x_wconf 79' lang='lat' dir='ltr'>nautae</span> 
     </span>
     <span class='ocr_line' id='line_1_19' title="bbox 251 1561 901 1631; baseline 0.008 -17"><span class='ocrx_word' id='word_1_99' title='bbox 251 1561 398 1616; x_wconf 82' lang='lat' dir='ltr'>Laboriosa</span> <span class='ocrx_word' id='word_1_100' title='bbox 414 1579 465 1617; x_wconf 92' lang='lat' dir='ltr'>nec</span> <span class='ocrx_word' id='word_1_101' title='bbox 481 1562 579 1616; x_wconf 81' lang='lat' dir='ltr'>cohors</span> <span class='ocrx_word' id='word_1_102' title='bbox 597 1561 696 1631; x_wconf 81' lang='lat' dir='ltr'>Ulixei</span> <span class='ocrx_word' id='word_1_103' title='bbox 898 1615 901 1619; x_wconf 74' lang='grc'>,</span> 
     </span>
    </p>

    <p class='ocr_par' dir='ltr' id='par_1_11' title="bbox 215 1635 877 1782">
     <span class='ocr_line' id='line_1_20' title="bbox 215 1635 877 1707; baseline 0 -16"><span class='ocrx_word' id='word_1_104' title='bbox 215 1635 299 1691; x_wconf 81' lang='lat' dir='ltr'>Nulla</span> <span class='ocrx_word' id='word_1_105' title='bbox 313 1636 415 1693; x_wconf 83' lang='lat' dir='ltr'>necent</span> <span class='ocrx_word' id='word_1_106' title='bbox 431 1639 524 1707; x_wconf 79' lang='lat' dir='ltr'>pecori</span> <span class='ocrx_word' id='word_1_107' title='bbox 541 1638 675 1707; x_wconf 77' lang='lat' dir='ltr'>contegis,</span> <span class='ocrx_word' id='word_1_108' title='bbox 691 1638 792 1692; x_wconf 82' lang='lat' dir='ltr'>nulline</span> <span class='ocrx_word' id='word_1_109' title='bbox 809 1636 877 1692; x_wconf 84' lang='lat' dir='ltr'>astri</span> 
     </span>
     <span class='ocr_line' id='line_1_21' title="bbox 250 1714 802 1782; baseline 0.002 -16"><span class='ocrx_word' id='word_1_110' title='bbox 250 1714 368 1782; x_wconf 79' lang='lat' dir='ltr'>Gregem</span> <span class='ocrx_word' id='word_1_111' title='bbox 385 1718 511 1768; x_wconf 87' lang='lat' dir='ltr'>aestuosa</span> <span class='ocrx_word' id='word_1_112' title='bbox 528 1717 617 1768; x_wconf 89' lang='lat' dir='ltr'>torret</span> <span class='ocrx_word' id='word_1_113' title='bbox 633 1714 802 1782; x_wconf 80' lang='lat' dir='ltr'>impotentia.</span> 
     </span>
    </p>

    <p class='ocr_par' dir='ltr' id='par_1_12' title="bbox 216 1786 837 1933">
     <span class='ocr_line' id='line_1_22' title="bbox 216 1786 837 1858; baseline 0 -17"><span class='ocrx_word' id='word_1_114' title='bbox 216 1786 346 1857; x_wconf 75' lang='lat' dir='ltr'>iuppiter</span> <span class='ocrx_word' id='word_1_115' title='bbox 363 1790 411 1842; x_wconf 80' lang='lat' dir='ltr'>illc</span> <span class='ocrx_word' id='word_1_116' title='bbox 427 1790 489 1858; x_wconf 89' lang='lat' dir='ltr'>piae</span> <span class='ocrx_word' id='word_1_117' title='bbox 507 1790 625 1844; x_wconf 86' lang='lat' dir='ltr'>secrevit</span> <span class='ocrx_word' id='word_1_118' title='bbox 640 1788 736 1843; x_wconf 81' lang='lat' dir='ltr'>littora</span> <span class='ocrx_word' id='word_1_119' title='bbox 752 1788 837 1856; x_wconf 85' lang='lat' dir='ltr'>genti,</span> 
     </span>
     <span class='ocr_line' id='line_1_23' title="bbox 250 1864 816 1933; baseline 0 -17"><span class='ocrx_word' id='word_1_120' title='bbox 250 1864 292 1917; x_wconf 84' lang='lat' dir='ltr'>Ut</span> <span class='ocrx_word' id='word_1_121' title='bbox 307 1865 460 1933; x_wconf 82' lang='lat' dir='ltr'>inquinavit</span> <span class='ocrx_word' id='word_1_122' title='bbox 477 1881 541 1918; x_wconf 86' lang='lat' dir='ltr'>aere</span> <span class='ocrx_word' id='word_1_123' title='bbox 558 1869 668 1933; x_wconf 88' lang='lat' dir='ltr'>tempus</span> <span class='ocrx_word' id='word_1_124' title='bbox 685 1880 816 1929; x_wconf 83' lang='lat' dir='ltr'>aureum;</span> 
     </span>
    </p>

    <p class='ocr_par' dir='ltr' id='par_1_13' title="bbox 217 1937 888 2008">
     <span class='ocr_line' id='line_1_24' title="bbox 217 1937 888 2008; baseline -0.001 -17"><span class='ocrx_word' id='word_1_125' title='bbox 217 1937 301 2005; x_wconf 88' lang='lat' dir='ltr'>Aere,</span> <span class='ocrx_word' id='word_1_126' title='bbox 318 1938 417 1992; x_wconf 88' lang='lat' dir='ltr'>debinc</span> <span class='ocrx_word' id='word_1_127' title='bbox 433 1939 507 1992; x_wconf 83' lang='lat' dir='ltr'>ferro</span> <span class='ocrx_word' id='word_1_128' title='bbox 525 1939 636 1993; x_wconf 80' lang='lat' dir='ltr'>duravit</span> <span class='ocrx_word' id='word_1_129' title='bbox 654 1939 756 2004; x_wconf 79' lang='lat' dir='ltr'>secula3</span> <span class='ocrx_word' id='word_1_130' title='bbox 773 1952 888 2008; x_wconf 88' lang='lat' dir='ltr'>quorum</span> 
     </span>
    </p>

    <p class='ocr_par' dir='ltr' id='par_1_14' title="bbox 212 2013 780 2084">
     <span class='ocr_line' id='line_1_25' title="bbox 212 2013 780 2084; baseline -0.004 -13"><span class='ocrx_word' id='word_1_131' title='bbox 212 2066 217 2072; x_wconf 90' lang='lat'>.</span> <span class='ocrx_word' id='word_1_132' title='bbox 252 2013 310 2067; x_wconf 89' lang='lat' dir='ltr'>Piis</span> <span class='ocrx_word' id='word_1_133' title='bbox 327 2014 447 2068; x_wconf 82' lang='lat' dir='ltr'>secunda</span> <span class='ocrx_word' id='word_1_134' title='bbox 464 2017 528 2068; x_wconf 83' lang='lat' dir='ltr'>vate</span> <span class='ocrx_word' id='word_1_135' title='bbox 545 2030 592 2069; x_wconf 90' lang='lat' dir='ltr'>me</span> <span class='ocrx_word' id='word_1_136' title='bbox 609 2013 693 2069; x_wconf 85' lang='lat' dir='ltr'>datur</span> <span class='ocrx_word' id='word_1_137' title='bbox 708 2015 780 2084; x_wconf 65' lang='lat' dir='ltr'>ruge</span> 
     </span>
    </p>
   </div>
   <div class='ocr_carea' id='block_1_3' title="bbox 525 2158 624 2214">
    <p class='ocr_par' dir='ltr' id='par_1_15' title="bbox 525 2158 624 2214">
     <span class='ocr_line' id='line_1_26' title="bbox 525 2158 624 2214; baseline 0.01 -1"><span class='ocrx_word' id='word_1_138' title='bbox 525 2158 624 2214; x_wconf 87' lang='lat' dir='ltr'>XVII.</span> 
     </span>
    </p>
   </div>
   <div class='ocr_carea' id='block_1_4' title="bbox 216 2238 1005 2988">
    <p class='ocr_par' dir='ltr' id='par_1_16' title="bbox 216 2238 795 2310">
     <span class='ocr_line' id='line_1_27' title="bbox 216 2238 795 2310; baseline -0.014 -8"><span class='ocrx_word' id='word_1_139' title='bbox 216 2241 280 2302; x_wconf 58' lang='lat' dir='ltr'>sinn</span> <span class='ocrx_word' id='word_1_140' title='bbox 293 2239 354 2310; x_wconf 86' lang='lat' dir='ltr'>jam</span> <span class='ocrx_word' id='word_1_141' title='bbox 371 2239 473 2296; x_wconf 89' lang='lat' dir='ltr'>efficaci</span> <span class='ocrx_word' id='word_1_142' title='bbox 489 2240 526 2296; x_wconf 78' lang='lat' dir='ltr'>‹lo</span> <span class='ocrx_word' id='word_1_143' title='bbox 543 2256 640 2295; x_wconf 83' lang='lat' dir='ltr'>manns</span> <span class='ocrx_word' id='word_1_144' title='bbox 657 2238 795 2307; x_wconf 85' lang='lat' dir='ltr'>scientiae,</span> 
     </span>
    </p>

    <p class='ocr_par' dir='ltr' id='par_1_17' title="bbox 217 2315 828 2387">
     <span class='ocr_line' id='line_1_28' title="bbox 217 2315 828 2387; baseline -0.007 -15"><span class='ocrx_word' id='word_1_145' title='bbox 217 2317 339 2387; x_wconf 80' lang='lat' dir='ltr'>Supplex</span> <span class='ocrx_word' id='word_1_146' title='bbox 357 2319 388 2371; x_wconf 89' lang='lat' dir='ltr'>et</span> <span class='ocrx_word' id='word_1_147' title='bbox 404 2332 452 2371; x_wconf 90' lang='lat' dir='ltr'>oro</span> <span class='ocrx_word' id='word_1_148' title='bbox 469 2332 555 2386; x_wconf 79' lang='lat' dir='ltr'>regna</span> <span class='ocrx_word' id='word_1_149' title='bbox 572 2332 623 2385; x_wconf 88' lang='lat' dir='ltr'>per</span> <span class='ocrx_word' id='word_1_150' title='bbox 641 2315 828 2384; x_wconf 86' lang='lat' dir='ltr'>Proserpinae,</span> 
     </span>
    </p>

    <p class='ocr_par' dir='ltr' id='par_1_18' title="bbox 218 2390 800 2458">
     <span class='ocr_line' id='line_1_29' title="bbox 218 2390 800 2458; baseline -0.003 -12"><span class='ocrx_word' id='word_1_151' title='bbox 218 2392 273 2446; x_wconf 90' lang='lat' dir='ltr'>Per</span> <span class='ocrx_word' id='word_1_152' title='bbox 290 2404 320 2447; x_wconf 83' lang='lat' dir='ltr'>et</span> <span class='ocrx_word' id='word_1_153' title='bbox 337 2392 441 2447; x_wconf 85' lang='lat' dir='ltr'>Dianae</span> <span class='ocrx_word' id='word_1_154' title='bbox 457 2409 512 2447; x_wconf 90' lang='lat' dir='ltr'>non</span> <span class='ocrx_word' id='word_1_155' title='bbox 529 2390 665 2446; x_wconf 81' lang='lat' dir='ltr'>movenda</span> <span class='ocrx_word' id='word_1_156' title='bbox 681 2391 800 2458; x_wconf 87' lang='lat' dir='ltr'>numina,</span> 
     </span>
    </p>

    <p class='ocr_par' dir='ltr' id='par_1_19' title="bbox 218 2466 810 2538">
     <span class='ocr_line' id='line_1_30' title="bbox 218 2466 810 2538; baseline -0.005 -15"><span class='ocrx_word' id='word_1_157' title='bbox 218 2468 273 2523; x_wconf 86' lang='lat' dir='ltr'>Per</span> <span class='ocrx_word' id='word_1_158' title='bbox 289 2472 374 2538; x_wconf 83' lang='lat' dir='ltr'>atque</span> <span class='ocrx_word' id='word_1_159' title='bbox 390 2469 476 2523; x_wconf 92' lang='lat' dir='ltr'>libros</span> <span class='ocrx_word' id='word_1_160' title='bbox 493 2469 644 2523; x_wconf 88' lang='lat' dir='ltr'>carminum</span> <span class='ocrx_word' id='word_1_161' title='bbox 661 2466 810 2521; x_wconf 83' lang='lat' dir='ltr'>valentium</span> 
     </span>
    </p>

    <p class='ocr_par' dir='ltr' id='par_1_20' title="bbox 218 2538 1005 2690">
     <span class='ocr_line' id='line_1_31' title="bbox 218 2538 1005 2610; baseline -0.004 -12"><span class='ocrx_word' id='word_1_162' title='bbox 218 2543 317 2598; x_wconf 83' lang='lat' dir='ltr'>Refixa</span> <span class='ocrx_word' id='word_1_163' title='bbox 333 2538 408 2599; x_wconf 80' lang='lat' dir='ltr'>caelo</span> <span class='ocrx_word' id='word_1_164' title='bbox 426 2544 559 2598; x_wconf 86' lang='lat' dir='ltr'>devocare</span> <span class='ocrx_word' id='word_1_165' title='bbox 577 2542 675 2610; x_wconf 80' lang='lat' dir='ltr'>sidera,</span> <span class='ocrx_word' id='word_1_166' title='bbox 992 2555 1005 2595; x_wconf 82' lang='lat' dir='ltr'>s</span> 
     </span>
     <span class='ocr_line' id='line_1_32' title="bbox 219 2616 797 2690; baseline -0.009 -15"><span class='ocrx_word' id='word_1_167' title='bbox 219 2620 340 2689; x_wconf 75' lang='lat' dir='ltr'>Canidia,</span> <span class='ocrx_word' id='word_1_168' title='bbox 356 2637 438 2690; x_wconf 89' lang='lat' dir='ltr'>parce</span> <span class='ocrx_word' id='word_1_169' title='bbox 454 2620 566 2673; x_wconf 84' lang='lat' dir='ltr'>vocibus</span> <span class='ocrx_word' id='word_1_170' title='bbox 582 2618 695 2673; x_wconf 83' lang='lat' dir='ltr'>tandem</span> <span class='ocrx_word' id='word_1_171' title='bbox 713 2616 797 2670; x_wconf 85' lang='lat' dir='ltr'>sacris</span> 
     </span>
    </p>

    <p class='ocr_par' dir='ltr' id='par_1_21' title="bbox 219 2691 815 2763">
     <span class='ocr_line' id='line_1_33' title="bbox 219 2691 815 2763; baseline -0.005 -15"><span class='ocrx_word' id='word_1_172' title='bbox 219 2693 366 2763; x_wconf 66' lang='lat' dir='ltr'>(titumque</span> <span class='ocrx_word' id='word_1_173' title='bbox 383 2699 459 2748; x_wconf 88' lang='lat' dir='ltr'>retro</span> <span class='ocrx_word' id='word_1_174' title='bbox 476 2694 558 2761; x_wconf 81' lang='lat' dir='ltr'>solve,</span> <span class='ocrx_word' id='word_1_175' title='bbox 577 2692 652 2747; x_wconf 85' lang='lat' dir='ltr'>solve</span> <span class='ocrx_word' id='word_1_176' title='bbox 668 2691 815 2747; x_wconf 88' lang='lat' dir='ltr'>turbinem.</span> 
     </span>
    </p>

    <p class='ocr_par' dir='ltr' id='par_1_22' title="bbox 219 2769 804 2842">
     <span class='ocr_line' id='line_1_34' title="bbox 219 2769 804 2842; baseline -0.005 -18"><span class='ocrx_word' id='word_1_177' title='bbox 219 2769 310 2824; x_wconf 87' lang='lat' dir='ltr'>Movit</span> <span class='ocrx_word' id='word_1_178' title='bbox 326 2774 455 2838; x_wconf 89' lang='lat' dir='ltr'>nepotem</span> <span class='ocrx_word' id='word_1_179' title='bbox 473 2769 611 2842; x_wconf 74' lang='lat' dir='ltr'>&#39;telephus</span> <span class='ocrx_word' id='word_1_180' title='bbox 629 2769 773 2836; x_wconf 76' lang='lat' dir='ltr'>Neretum,</span> <span class='ocrx_word' id='word_1_181' title='bbox 802 2829 804 2832; x_wconf 12' lang='lat' dir='ltr'>v</span> 
     </span>
    </p>

    <p class='ocr_par' dir='ltr' id='par_1_23' title="bbox 221 2843 791 2913">
     <span class='ocr_line' id='line_1_35' title="bbox 221 2843 791 2913; baseline 0 -17"><span class='ocrx_word' id='word_1_182' title='bbox 221 2843 256 2897; x_wconf 92' lang='lat' dir='ltr'>In</span> <span class='ocrx_word' id='word_1_183' title='bbox 274 2860 356 2912; x_wconf 88' lang='lat' dir='ltr'>quem</span> <span class='ocrx_word' id='word_1_184' title='bbox 374 2843 507 2913; x_wconf 87' lang='lat' dir='ltr'>superbus</span> <span class='ocrx_word' id='word_1_185' title='bbox 524 2844 666 2898; x_wconf 87' lang='lat' dir='ltr'>ordinarat</span> <span class='ocrx_word' id='word_1_186' title='bbox 682 2844 791 2911; x_wconf 82' lang='lat' dir='ltr'>agmina</span> 
     </span>
    </p>

    <p class='ocr_par' dir='ltr' id='par_1_24' title="bbox 220 2918 1004 2988">
     <span class='ocr_line' id='line_1_36' title="bbox 220 2918 1004 2988; baseline -0.008 -16"><span class='ocrx_word' id='word_1_187' title='bbox 220 2918 361 2988; x_wconf 84' lang='lat' dir='ltr'>Mysorum</span> <span class='ocrx_word' id='word_1_188' title='bbox 378 2919 454 2973; x_wconf 91' lang='lat' dir='ltr'>etin</span> <span class='ocrx_word' id='word_1_189' title='bbox 471 2935 554 2987; x_wconf 87' lang='lat' dir='ltr'>quem</span> <span class='ocrx_word' id='word_1_190' title='bbox 571 2920 629 2973; x_wconf 84' lang='lat' dir='ltr'>tela</span> <span class='ocrx_word' id='word_1_191' title='bbox 645 2922 726 2972; x_wconf 81' lang='lat' dir='ltr'>acuta</span> <span class='ocrx_word' id='word_1_192' title='bbox 743 2918 868 2972; x_wconf 80' lang='lat' dir='ltr'>torserat</span> <span class='ocrx_word' id='word_1_193' title='bbox 982 2926 1004 2966; x_wconf 85' lang='lat' dir='ltr'>re</span> 
     </span>
    </p>
   </div>
   <div class='ocr_carea' id='block_1_5' title="bbox 143 2993 786 3058">
    <p class='ocr_par' dir='ltr' id='par_1_25' title="bbox 143 2993 786 3058">
     <span class='ocr_line' id='line_1_37' title="bbox 143 2993 786 3058; baseline -0.005 -11"><span class='ocrx_word' id='word_1_194' title='bbox 143 3051 147 3058; x_wconf 57' lang='grc'><em>,</em></span> <span class='ocrx_word' id='word_1_195' title='bbox 220 2993 334 3047; x_wconf 87' lang='lat' dir='ltr'>Unxere</span> <span class='ocrx_word' id='word_1_196' title='bbox 351 2997 454 3048; x_wconf 77' lang='lat' dir='ltr'>matres</span> <span class='ocrx_word' id='word_1_197' title='bbox 473 2993 542 3047; x_wconf 88' lang='lat' dir='ltr'>Iliae</span> <span class='ocrx_word' id='word_1_198' title='bbox 560 2993 703 3047; x_wconf 82' lang='lat' dir='ltr'>addictum</span> <span class='ocrx_word' id='word_1_199' title='bbox 720 2993 786 3046; x_wconf 83' lang='lat' dir='ltr'>teris</span> 
     </span>
    </p>
   </div>
   <div class='ocr_carea' id='block_1_6' title="bbox 221 3066 935 3290">
    <p class='ocr_par' dir='ltr' id='par_1_26' title="bbox 221 3066 935 3290">
     <span class='ocr_line' id='line_1_38' title="bbox 221 3066 935 3137; baseline -0.007 -13"><span class='ocrx_word' id='word_1_200' title='bbox 221 3069 344 3124; x_wconf 87' lang='lat' dir='ltr'>Alitibus</span> <span class='ocrx_word' id='word_1_201' title='bbox 361 3073 446 3137; x_wconf 88' lang='lat' dir='ltr'>atque</span> <span class='ocrx_word' id='word_1_202' title='bbox 463 3069 576 3123; x_wconf 87' lang='lat' dir='ltr'>canibus</span> <span class='ocrx_word' id='word_1_203' title='bbox 593 3066 756 3124; x_wconf 84' lang='lat' dir='ltr'>homicidam</span> <span class='ocrx_word' id='word_1_204' title='bbox 776 3067 935 3125; x_wconf 77' lang='lat' dir='ltr'>Hectorem.</span> 
     </span>
     <span class='ocr_line' id='line_1_39' title="bbox 222 3139 856 3216; baseline -0.008 -16"><span class='ocrx_word' id='word_1_205' title='bbox 222 3145 373 3216; x_wconf 79' lang='lat' dir='ltr'>Postquam</span> <span class='ocrx_word' id='word_1_206' title='bbox 390 3145 493 3198; x_wconf 86' lang='lat' dir='ltr'>relictis</span> <span class='ocrx_word' id='word_1_207' title='bbox 511 3142 654 3198; x_wconf 89' lang='lat' dir='ltr'>moenibus</span> <span class='ocrx_word' id='word_1_208' title='bbox 671 3159 721 3196; x_wconf 86' lang='lat' dir='ltr'>rex</span> <span class='ocrx_word' id='word_1_209' title='bbox 738 3139 856 3210; x_wconf 88' lang='lat' dir='ltr'>procidit</span> 
     </span>
     <span class='ocr_line' id='line_1_40' title="bbox 222 3216 755 3290; baseline -0.013 -13"><span class='ocrx_word' id='word_1_210' title='bbox 222 3220 289 3277; x_wconf 85' lang='lat' dir='ltr'>Heu</span> <span class='ocrx_word' id='word_1_211' title='bbox 304 3219 453 3290; x_wconf 72' lang='lat' dir='ltr'>pervicacis</span> <span class='ocrx_word' id='word_1_212' title='bbox 470 3218 508 3273; x_wconf 81' lang='lat' dir='ltr'>ad</span> <span class='ocrx_word' id='word_1_213' title='bbox 524 3217 610 3285; x_wconf 88' lang='lat' dir='ltr'>pedes</span> <span class='ocrx_word' id='word_1_214' title='bbox 628 3216 755 3274; x_wconf 74' lang='lat' dir='ltr'>Achillei.</span> 
     </span>
    </p>
   </div>
   <div class='ocr_carea' id='block_1_7' title="bbox 0 0 1151 3550">
    <p class='ocr_par' dir='ltr' id='par_1_27' title="bbox 0 0 1151 3550">
     <span class='ocr_line' id='line_1_41' title="bbox 0 0 1151 3550; baseline 0 0"><span class='ocrx_word' id='word_1_215' title='bbox 0 0 1151 3550; x_wconf 95' lang='lat' dir='ltr'> </span> 
     </span>
    </p>
   </div>
  </div>
 </body>
</html>
