2275 3550
352 588 415 654 DE
444 589 571 654 ARTE
600 584 802 654 POETIGA

505 776 643 837 LIBER.

152 990 281 1046 Hnmsno
298 991 382 1062 capiti
400 992 534 1048 ceruicem
551 992 642 1062 pictor
659 991 787 1063 equinam

151 1065 275 1135 «Iungere
292 1067 318 1122 si
333 1067 408 1137 velit,
426 1072 455 1123 et
471 1068 561 1122 vemas
578 1067 709 1122 inducere
726 1067 833 1138 plumes

151 1141 283 1211 Undique
299 1143 405 1197 collatis
422 1142 561 1212 membris,
578 1147 612 1198 ut
629 1145 748 1212 turpiter
765 1146 856 1197 atrum

90 1262 93 1268 .
152 1215 269 1272 Desinat
285 1217 315 1271 iu
331 1219 433 1287 piscem
450 1219 550 1272 mulier
566 1219 685 1273 formose
703 1233 829 1287 superne,

153 1290 313 1362 Spectatum
330 1293 442 1347 admissi
460 1294 545 1347 risum
562 1295 689 1362 teneatis,
707 1294 806 1348 amicit
979 1302 1004 1345 ‘t

154 1366 274 1437 Credite,
292 1365 411 1436 Pisones,
428 1369 476 1423 isti
493 1369 605 1424 tabulae
621 1369 681 1424 fore
697 1369 798 1423 librum

154 1443 324 1498 Persimilem
342 1445 427 1513 eujus,
446 1445 522 1499 velut
538 1446 615 1514 aegri
633 1447 742 1514 somnia,
761 1460 846 1499 vanae

154 1519 305 1588 Fingentur
322 1521 433 1590 species,
451 1525 484 1576 ut
500 1538 552 1575 nee
567 1538 618 1591 pes
635 1537 686 1575 nee
702 1523 784 1590 ceput
800 1520 848 1574 uni

155 1595 299 1649 Reddatur
314 1597 425 1651 formae.
458 1596 636 1651 “Pictonibus
653 1601 737 1666 atque
754 1596 843 1665 poetis

155 1670 296 1735 Quidlibet
313 1671 434 1726 audendi
451 1689 561 1741 semper
577 1673 631 1727 fuit
648 1689 737 1742 aequa
753 1669 899 1740 potestas?
979 1685 1002 1725 lo

156 1744 261 1801 Scimus
272 1750 301 1802 et
312 1748 382 1802 hane
393 1749 500 1802 veniam
512 1749 686 1818 petimusque
698 1748 849 1816 demusque
860 1744 993 1811 vicissim3

156 1822 212 1876 Sed
228 1838 282 1876 non
299 1826 332 1877 ut
348 1823 462 1892 placidis
480 1828 578 1877 coeunt
594 1824 719 1889 immitia,
737 1839 791 1876 non
808 1827 841 1877 ut

156 1898 303 1966 Serpentes
320 1897 415 1951 eribus
432 1898 614 1967 geminentur,
633 1898 752 1967 tigribus
770 1898 841 1965 agni.

157 1973 278 2042 Inceptis
295 1973 424 2041 grauibus
441 1973 603 2042 plerumque
621 1978 651 2028 et
668 1989 766 2041 magna
781 1972 910 2041 professis

157 2049 321 2117 Purpureus,
340 2049 396 2103 lete
414 2049 462 2118 qui
480 2049 631 2118 splendeat,
649 2065 720 2103 unus
737 2051 767 2103 et
783 2049 853 2102 alter
982 2061 1005 2102 ιε

158 2124 295 2178 Adsuitur
312 2141 425 2193 pennus,
443 2141 505 2178 cum
521 2124 598 2178 lucus
615 2128 645 2179 et
662 2141 710 2178 ara
726 2123 832 2177 Dianae

157 2200 195 2254 Et
212 2200 384 2271 properentis
401 2216 489 2269 aquae
507 2217 557 2270 per
575 2216 703 2254 amoenos
720 2194 945 2267 ambitus'ogros,

158 2277 218 2331 Aut
235 2276 335 2330 flumen
354 2276 481 2331 Rhenum
499 2280 549 2331 out
565 2277 674 2346 plurius
693 2275 858 2331 describitur
875 2291 969 2340 areus;

158 2352 214 2406 Sed
231 2370 303 2406 nune
320 2369 374 2407 non
392 2357 453 2407 erut
470 2352 513 2406 his
531 2353 612 2406 loeus.
648 2353 685 2406 Et
701 2351 817 2406 fortasse
833 2366 993 2421 cupressum

158 2428 216 2482 Scis
234 2428 375 2484 simulme:
399 2429 467 2498 quid
483 2429 542 2496 hoe,
561 2429 585 2481 si
601 2428 698 2482 fractis
716 2431 809 2482 enatat
827 2443 924 2496 exspes
980 2441 1005 2481 so

118 2524 122 2534 ¹
158 2503 184 2558 N
186 2504 280 2558 avibus
297 2520 361 2558 aere
379 2505 445 2559 dato
462 2505 510 2573 qui
527 2503 669 2574 pingiturl
705 2503 847 2571 Amphora
863 2501 951 2571 eoepit

159 2578 286 2646 institui3
307 2584 434 2635 currente
452 2583 514 2633 rota
531 2596 580 2634 eur
597 2595 700 2640 urceus
712 2579 788 2633 exiti

158 2654 284 2725 Denique
301 2656 338 2709 sit
355 2655 463 2724 quidvis
481 2655 597 2724 simplex
615 2655 760 2708 dummxat
776 2657 806 2708 et
822 2668 914 2707 unum.

159 2730 280 2785 Maxima
296 2747 360 2800 pars
377 2735 478 2798 vetrum,
499 2734 580 2800 pater
598 2734 628 2785 et
641 2730 759 2799 juvenes
777 2732 858 2799 patre
875 2728 960 2797 digni,
1059 2740 1061 2745 ’

159 2806 319 2876 Decipimur
335 2806 425 2875 speeie
442 2806 523 2861 recti:
547 2806 640 2860 brevis
657 2821 718 2860 esso
735 2804 836 2873 laboro,
983 2817 1008 2857 re

159 2881 299 2936 Obscurus
316 2882 366 2947 fio;
391 2885 543 2936 sectantem
560 2881 632 2936 leuia
648 2882 725 2935 nervi

159 2957 298 3013 Deficiunt
316 2957 469 3026 animique;
492 2957 631 3027 professus
648 2956 764 3025 grandia
781 2957 889 3023 turget3

160 3034 254 3104 Serpit
271 3032 347 3087 humi
363 3036 442 3087 tutus
459 3032 573 3086 nimium
590 3033 760 3099 timidusque
777 3030 927 3102 procellae,

160 3109 214 3175 Qui
230 3109 336 3164 variare
352 3108 428 3177 cupit
445 3125 505 3162 rem
522 3108 713 3178 prodigialiter
729 3123 819 3174 unum,

159 3184 326 3255 Delphinum
344 3184 418 3237 silvis
435 3184 567 3254 appingit,
586 3183 714 3239 fluctibus
730 3198 835 3251 aprum.
984 3203 1007 3244 30

160 3260 197 3316 In
213 3260 311 3316 vitium
328 3259 406 3315 ducit
422 3259 520 3329 eulpae
535 3260 603 3328 iuge
620 3259 644 3313 si
660 3262 737 3313 earet
750 3260 821 3312 arte.
