2275 3550
419 212 565 263 EPODON
582 216 699 277 LIBER,
719 220 742 272 6.

255 289 345 347 Maius
361 292 471 360 parabo,
489 295 577 347 maius
594 295 735 350 infundam
752 295 804 352 tibi

288 364 452 421 Fastidienti
469 370 603 438 poculum,

253 439 388 510 Priusque
405 443 509 497 caelum
527 445 600 499 sidet
616 446 730 500 inferius
747 447 824 518 mari,

287 516 395 571 Tellure
412 522 539 586 porrecta
556 537 645 588 super,
976 545 1002 583 so

253 590 340 657 Quam
357 609 412 646 non
430 610 522 647 amore
540 595 579 648 sie
597 612 657 649 meo
676 597 775 666 flagres
790 596 834 653 uti

285 666 414 721 Bitumen
432 669 499 721 atris
516 669 648 736 ignibus.’'

251 740 310 799 Sub
327 742 395 797 haec
413 760 484 813 puer
496 744 556 813 jam
574 761 629 799 non
645 748 760 802 utente
776 747 903 807 mollibus

283 817 383 872 Lenire
401 817 492 874 verbis
509 820 613 889 impias,

248 890 305 949 Sed
322 893 422 949 dubius
439 894 513 949 unde
529 899 672 964 rumperet
689 898 825 954 silentium
979 921 1004 961 rs

282 968 360 1023 Misit
378 969 525 1038 Thyesteas
542 987 655 1039 preces:

230 1042 369 1111 “Venena,
386 1061 515 1114 magnum
531 1047 574 1099 ias
591 1046 730 1115 nefasque,
748 1064 803 1101 non
820 1048 911 1106 valent

282 1118 450 1173 Oonrertere
467 1121 613 1175 humanam
630 1122 733 1188 ricem;

248 1192 323 1247 Diris
339 1210 420 1261 a0eam
436 1211 502 1261 vos3
519 1196 582 1250 dira
598 1197 747 1251 detestatio

281 1268 366 1322 Nulla
383 1269 510 1338 expiatur
526 1271 645 1327 victima
978 1290 1004 1331 so

249 1341 321 1408 Quin
338 1343 386 1397 ubi
403 1344 495 1412 perire
507 1344 604 1414 jussus
621 1347 795 1416 exspiravere

281 1419 439 1473 Nocturnus
456 1436 596 1476 occurram
615 1422 704 1477 Furor
746 1437 748 1441 ’

246 1492 399 1564 Petamque
416 1496 508 1550 urltus
524 1497 624 1553 umbra
640 1498 729 1553 curris
746 1500 891 1572 unguibus,

280 1570 356 1635 Quae
374 1570 415 1625 ris
433 1571 547 1626 deorum
566 1577 610 1627 est
626 1575 754 1643 manium,

244 1645 282 1700 Et
298 1646 429 1716 inquietis
446 1648 571 1702 assidens
586 1650 754 1727 praecordiis
971 1669 996 1711 se

279 1722 383 1778 Pavore
401 1739 508 1778 somnos
525 1725 655 1781 auferam.
978 1736 981 1741 ’

244 1797 302 1852 Vos
319 1799 402 1853 turba
419 1800 530 1854 vicatim
547 1800 611 1854 hine
628 1804 658 1855 et
674 1801 738 1855 hino
756 1802 829 1856 saxis
847 1806 946 1873 petens

279 1873 438 1928 Contundet
455 1874 603 1927 obscoenas
619 1891 706 1940 an11s3

244 1946 312 2002 Post
328 1947 466 2017 insepulta
482 1948 608 2002 membra
625 1949 755 2004 different
770 1949 828 2019 lupi

277 2022 315 2076 Et
333 2022 491 2091 Esquilinae
507 2023 605 2087 alites;
715 2051 717 2054 ·
961 2044 996 2085 roo

242 2096 341 2166 Neque
358 2096 411 2151 hcc
425 2101 556 2166 parentes
572 2098 629 2152 hen
644 2098 711 2153 mihi
728 2099 891 2170 superstites

278 2172 415 2242 Effugcrit
432 2173 642 2241 spectaculum.”

545 2318 598 2373 VI.

241 2400 316 2468 Qun>
332 2402 510 2456 inmerentes
526 2400 649 2471 hospites
665 2416 749 2457 vexas
765 2403 839 2460 canis

276 2478 396 2545 Ignaurs
413 2476 558 2531 adversum
576 2477 673 2545 lupos?

241 2551 312 2618 Quin
329 2553 382 2606 huc
398 2552 500 2619 inanes,
518 2552 543 2605 si
559 2555 646 2620 potes,
662 2552 748 2606 vertis
764 2553 854 2607 minas

275 2628 312 2682 Et
328 2644 373 2682 me
390 2644 576 2682 remorsurum
592 2628 685 2695 petist

239 2701 312 2757 Nam
329 2703 417 2772 qualis
433 2706 482 2775 aut
499 2703 635 2757 Molossus
652 2705 701 2757 aut
717 2702 809 2759 fuluis
826 2703 924 2774 Lacon,
979 2724 993 2762 s

276 2777 373 2832 Amica
389 2778 430 2831 vis
446 2778 611 2846 pastoribus,

240 2851 331 2921 Agarn
347 2868 398 2921 per
414 2853 484 2907 altas
501 2869 567 2908 aure
585 2852 693 2908 sublata
709 2854 786 2910 nives

274 2927 458 2996 Quaecunque
474 2927 623 2996 praecedet
640 2930 699 2983 fera
707 2949 715 2996 ς
779 2989 785 2997 ,

238 3001 281 3058 ru
297 3019 359 3056 curn
376 3002 501 3057 timenda
517 3020 584 3058 voce
602 3004 745 3073 complesti
761 3018 858 3058 nemus

275 3077 433 3146 Projectum
451 3078 575 3133 odoraris
593 3078 692 3133 cibum.
968 3093 992 3133 ro

238 3151 319 3221 (iare,
338 3168 419 3206 cave:
437 3168 557 3222 namque
574 3155 603 3207 in
619 3155 705 3208 malos
721 3152 889 3228 asperrimus

271 3228 374 3284 Parata
391 3227 459 3282 tollo
475 3244 585 3298 cornua,
