2275 3550
383 180 545 229 ,ΗΟΒΑΤΙΙ
563 180 691 229 FLACCI

254 262 335 316 Nune
352 265 381 315 et
398 261 511 315 latentis
528 261 654 330 proditor
670 260 768 316 intimo

253 337 356 393 Gratus
372 336 479 405 puellae
496 337 568 389 risus
585 338 620 405 ab
638 336 744 404 angulo,

288 412 444 480 Pignusque
462 413 607 480 dereptum
625 412 734 466 lacertis

323 489 383 541 Aut
400 487 488 556 digito
505 489 577 542 male
594 486 735 556 pertinaci.

525 628 559 683 X.

254 710 390 765 Msaeunr
408 711 524 765 secunde
541 727 627 780 nepos
645 712 773 777 Atlantis,

255 785 308 850 Qui
325 786 397 840 feros
415 787 505 840 cultus
522 787 662 840 hominum
681 792 819 844 recentum

254 861 329 915 Voce
346 861 469 916 formasti
487 866 564 916 catus
582 867 611 916 et
628 863 743 941 decorae

288 936 367 990 More
384 937 543 1005 palaestrae,

255 1010 293 1066 Te
308 1029 402 1066 cenam
420 1014 510 1081 magni
528 1014 606 1067 Jovis
623 1017 652 1067 et
669 1013 782 1067 deorum

254 1087 389 1142 Nuntium
406 1105 560 1158 curvaeque
577 1089 651 1157 lyrae
668 1095 815 1158 parentem,

255 1163 391 1219 Callidum
410 1164 545 1234 quidquid
561 1165 664 1234 placuit
676 1165 772 1234 jocoso

289 1240 412 1295 Condere
430 1241 511 1295 tinto.

255 1314 293 1369 'le
311 1314 394 1370 boves
411 1316 477 1370 olim
494 1317 546 1370 nisi
564 1317 734 1371 reddidisses

254 1388 309 1443 Per
326 1391 418 1444 dolum
435 1388 673 1466 amotas'puerum
690 1394 788 1446 minaci

254 1465 329 1519 Voce
347 1466 413 1519 dum
429 1471 532 1534 terret,
542 1467 641 1521 viduus
658 1467 787 1536 pharetra

288 1541 362 1596 Risit
379 1542 485 1610 Apollo.

254 1615 325 1680 Quin
343 1620 372 1671 et
390 1618 505 1671 Atridas
523 1618 593 1683 duce
610 1622 640 1672 te
657 1619 790 1689 superbos

254 1691 307 1745 llio
324 1691 402 1747 dives
420 1693 545 1747 Priamus
562 1695 659 1749 relicto

254 1767 451 1840 Thessalosque
468 1770 545 1838 ignes
563 1775 593 1825 et
609 1771 704 1841 iniqua
721 1769 818 1840 TroJ'ae

289 1844 386 1900 Castra
403 1846 507 1901 fefellit.

255 1919 296 1973 Tu
312 1920 372 1990 pias
388 1922 468 1976 laetis
486 1922 590 1977 animas
607 1924 717 1994 reponis

255 1995 373 2051 Sedibus
392 1999 523 2068 virgaque
540 2000 630 2054 levem
647 2005 755 2055 coerces

256 2073 350 2127 Aurea
366 2074 483 2141 turbam,
502 2076 609 2144 superis
626 2075 740 2129 deorum

221 2215 226 2230 ⁸
289 2146 391 2202 Gratus
408 2154 437 2203 et
454 2150 523 2204 imis.
946 2167 971 2205 ao

518 2291 569 2346 XI.

117 2370 160 2423 'ln
176 2386 212 2423 ne
230 2369 387 2439 quaesieris,
406 2371 476 2425 scire
493 2373 577 2439 nefas,
596 2391 676 2442 quem
695 2373 770 2441 nrihi,
788 2391 870 2444 quem
887 2374 939 2430 tibi

118 2445 214 2498 Finem
232 2446 262 2498 di
280 2445 415 2516 dederint,
434 2447 584 2517 Leuconoe,
602 2465 653 2503 nec
671 2450 833 2517 Babylonios

118 2520 243 2574 'lentaris
260 2538 394 2577 numeros.
416 2524 470 2578 'Ut
487 2524 585 2578 melius
602 2524 738 2594 quidquid
755 2525 810 2580 erit
826 2525 892 2596 pati,

118 2596 173 2649 Seu
189 2596 281 2665 plures
298 2597 402 2653 hiemes
420 2615 468 2653 seu
485 2599 583 2654 tribuit
601 2600 732 2670 luppiter
748 2601 879 2666 nltimam,

118 2671 194 2734 Quae
212 2688 282 2725 nune
300 2674 431 2741 oppositis
449 2675 576 2729 debilitat
592 2676 745 2744 pumicibus
762 2693 838 2730 mere
958 2693 970 2731 5

118 2745 294 2814 Tyrrhenum.
330 2749 433 2818 Sepias,
451 2750 513 2804 vina
530 2751 627 2820 liques,
645 2755 675 2807 et
693 2752 781 2820 spatio
798 2751 875 2806 brevi

118 2821 203 2891 Spem
219 2822 327 2891 longam
345 2841 459 2880 reseces.
494 2827 568 2882 Dum
586 2827 722 2896 loquimur
739 2828 843 2895 fugerit
859 2827 951 2880 invida

119 2897 222 2953 Aetas:
240 2915 321 2968 carpe
339 2899 414 2955 diem
432 2918 513 2971 quam
531 2902 673 2957 minimum
691 2903 802 2957 credula
817 2906 934 2973 postero.
1013 2915 1017 2926 “

223 3123 308 3188 Quen
325 3127 413 3180 virum
431 3130 479 3181 aut
496 3046 580 3181 blelrbll
596 3128 654 3195 lyra
670 3128 714 3183 vel
732 3128 788 3183 acri

223 3199 301 3254 'libia
318 3203 403 3256 sumis
420 3203 576 3269 celebrare,
586 3203 652 3271 Clio,
