2275 3550
434 196 722 249 SATIRARUMM.
985 198 1027 246 121

176 274 230 342 Qui
247 276 366 346 stupet
356 294 386 331 ιιι
402 278 491 333 titulis
509 283 538 334 et
555 279 726 348 imaginibus.
762 280 835 344 Quid
852 283 962 358 oportet

175 351 235 406 Nos
251 353 341 407 facere
358 369 375 406 a
392 354 473 422 vulgo
489 354 571 422 longe
587 355 723 422 longeque
740 356 876 408 remotosl

176 427 304 496 Namque
321 432 380 483 esto
397 430 512 498 populns
531 431 648 484 Laevino
666 430 761 484 mallet
778 430 908 483 honorem

177 503 265 567 Quam
283 504 368 557 Decio
385 505 517 559 mandare
533 522 612 573 novo,
630 522 780 574 censorque
797 508 919 561 moveret
1009 521 1032 560 ro

177 580 311 648 Appius
302 596 350 648 mg
351 597 421 634 enno
439 581 463 635 si
480 597 534 635 non
551 598 640 636 essem
658 585 738 651 patre
754 584 848 635 natus:

176 654 232 708 Vel
249 654 348 709 merito
366 656 494 724 qnoniam
511 657 540 710 in
557 657 668 726 propria
685 674 739 710 non
756 656 828 726 pelle
845 644 989 734 quiessem

176 729 235 784 Sed
251 730 373 798 fulgente
390 731 476 786 trabit
493 733 656 787 constrictos
674 732 768 786 Gloria
786 749 868 785 curru

177 805 204 859 N
206 821 241 858 on
258 806 348 859 minus
364 806 472 875 ignotos
489 808 638 876 generosis.
673 808 734 872 Quo
750 807 810 875 tibi,
828 806 897 876 Tilli‚

177 881 291 936 Sumere
309 881 466 952 depositum
484 884 590 938 clavum
608 883 723 952 fierique
740 883 868 937 tribunal
1007 897 1032 936 aa

177 957 286 1012 Invidia
302 958 420 1014 accrevit
436 960 543 1027 privato
561 977 632 1029 quae
648 961 738 1013 minor
755 962 836 1013 esset.

176 1030 250 1086 Nam
266 1037 300 1088 ut
317 1035 432 1104 quisque
449 1035 559 1089 insanus
577 1035 662 1103 nigris
679 1035 800 1088 medium
818 1033 944 1101 impediit
956 1050 1020 1089 crus

177 1107 299 1163 Pellibus
316 1114 346 1165 et
362 1110 449 1163 latum
467 1109 579 1164 demisit
595 1114 708 1179 pectore
724 1110 838 1175 clavum,

178 1183 269 1238 Audit
280 1185 421 1240 continuo:
433 1185 517 1249 “Quis
528 1186 610 1239 homo
621 1186 665 1239 hic
677 1187 737 1239 estl
755 1201 810 1253 quo
821 1188 902 1253 patre
913 1188 994 1238 natus
1001 1185 1030 1238 l'’

177 1258 219 1312 Ut
237 1259 260 1311 si
278 1260 325 1328 qni
343 1263 468 1327 aegrotet
485 1277 540 1329 quo
557 1260 652 1313 morbo
670 1261 780 1328 Barrus,
797 1260 894 1315 haberi
1008 1275 1032 1314 eo

176 1333 218 1388 Ut
236 1335 328 1402 cupiat
344 1334 485 1401 formosus,
502 1339 548 1389 eat
566 1352 727 1404 quacunque
744 1330 855 1404 puellis

176 1409 289 1477 Injiciat
306 1426 399 1464 euram
416 1411 566 1480 quaerendi
584 1412 698 1479 singula,
716 1411 790 1479 quali

176 1485 219 1539 Sit
235 1486 312 1554 facie,
329 1503 400 1552 sura,
419 1486 493 1554 quali
509 1487 591 1555 pede,
609 1487 700 1555 dente,
718 1487 828 1555 capillo:

174 1560 221 1614 Sic
238 1561 286 1629 qui
302 1562 441 1632 promittit
457 1563 537 1631 cives,
553 1564 652 1617 urbem
670 1562 722 1616 sibi
740 1579 829 1627 curae,

175 1636 327 1704 Imperium
343 1638 402 1691 fore
419 1640 449 1691 et
468 1637 585 1705 Italiam,
604 1638 719 1692 delubra
736 1638 857 1705 deornm,
1008 1652 1048 1692 ιι.

176 1711 236 1777 Quo
252 1716 301 1783 pat
302 1729 333 1766 re
350 1713 387 1767 sit
403 1716 492 1781 natus,
510 1730 577 1766 num
594 1714 688 1782 ignota
705 1717 794 1767 matre
812 1713 978 1782 inhonestus,

174 1787 278 1844 Omnes
295 1790 425 1843 mortales
443 1805 538 1843 curare
556 1793 586 1844 et
604 1806 738 1857 quaerere
755 1790 835 1857 cogit

175 1865 274 1919 “Tune
291 1865 359 1932 Syri,
377 1864 490 1930 Damae,
507 1868 557 1918 ant
574 1865 687 1932 Dionysi
704 1864 784 1930 filins,
802 1864 888 1917 audes

175 1935 239 2008 Dej
232 1956 304 1994 rcere
321 1957 337 1993 e
354 1955 420 1993 saxo
438 1939 510 1993 cives
528 1942 577 1993 aut
593 1939 706 1993 tradere
725 1906 868 1993 Gadmol”

175 2016 240 2068 “At
257 2015 284 2068 N
286 2030 363 2068 ovrus
381 2014 484 2081 collega
500 2014 591 2083 gradu
608 2019 671 2083 post
688 2031 733 2067 me
752 2015 832 2068 sedet
849 2031 914 2081 uno;
1008 2030 1032 2071 lo

177 2089 304 2159 Namque
313 2094 356 2144 est
364 2089 411 2142 ille
419 2095 500 2157 pater
507 2089 582 2159 quod
590 2097 650 2143 erat
658 2089 757 2143 meus.''
769 2089 853 2142 “Hoc
859 2089 911 2143 tibi
921 2089 1031 2144 Paullus

177 2166 216 2219 Et
233 2165 362 2221 Messalla
379 2165 500 2220 viderisl
536 2168 578 2220 At
594 2166 646 2233 hie,
665 2165 688 2218 si
706 2165 811 2233 plostra
828 2165 946 2219 ducenta

177 2242 402 2310 concurrantque
419 2241 478 2294 foro
496 2241 551 2295 tria
567 2242 671 2307 funera,
689 2258 789 2309 magna
806 2241 914 2296 sonabit

177 2318 286 2373 Cornua
303 2318 378 2389 quod
395 2318 541 2385 vincatque
558 2318 640 2373 tubas
649 2339 656 2382 3
674 2318 771 2372 saltem
789 2321 868 2372 tenet
885 2318 936 2371 boo
953 2317 1024 2371 nos.'’

177 2395 203 2449 N
206 2413 257 2451 unc
274 2396 311 2450 ad
327 2411 371 2449 me
388 2394 473 2449 redeo
490 2393 621 2447 libertino
638 2398 718 2463 patre
736 2397 839 2463 natum,
1008 2408 1032 2447 ss

178 2471 265 2535 Quem
283 2472 386 2542 rodunt
403 2486 496 2524 omnes
513 2469 642 2523 libertino
659 2473 739 2541 patre
757 2474 859 2536 natum,

178 2547 204 2599 N
206 2564 258 2601 unc
276 2548 341 2616 qnia
359 2562 419 2600 sum
436 2545 495 2610 tibi,
514 2545 666 2613 Maecenas,
684 2545 834 2610 convictor3
852 2548 881 2599 ιι
898 2544 963 2599 olim

93 2637 95 2642 ’
179 2621 259 2685 Quod
275 2621 344 2675 mihi
360 2624 472 2690 pareret
488 2621 560 2689 legio
579 2621 702 2673 Romana
719 2620 837 2673 tribuno.

178 2696 317 2751 Dissimile
333 2698 385 2751 boo
400 2697 442 2750 illi
459 2701 518 2761 est;
536 2697 601 2764 quia
618 2712 672 2749 non
689 2700 722 2750 ut
740 2696 818 2750 forsit
833 2695 963 2750 honorem

178 2773 249 2828 Jure
266 2773 334 2826 mihi
351 2772 473 2826 invideat
490 2772 580 2840 quivis
596 2772 636 2825 ita
653 2775 683 2825 te
701 2787 809 2840 quoque
827 2772 952 2840 amicum,
1009 2785 1034 2826 so

180 2848 347 2903 Praesertim
364 2852 475 2902 cautum
493 2847 590 2915 dignos
606 2864 752 2912 assumere,
769 2864 855 2917 prava

179 2923 339 2978 Ambitione
355 2923 457 2992 procul.
492 2921 612 2977 Felicem
630 2923 721 2978 dicere
738 2939 793 2976 non
809 2923 861 2999 hoc

180 2998 228 3053 Me
245 3015 355 3067 possum
373 3014 438 3051 casu
455 2997 530 3066 quod
547 3001 578 3052 te
596 2998 710 3053 sortitus
727 2991 861 3062 amicum;

180 3073 264 3128 Nulla
281 3073 383 3129 etenim
402 3073 469 3126 mihi
486 3076 516 3127 te
533 3074 590 3127 fors
608 3074 721 3127 obtulit·
732 3077 788 3141 opt
789 3073 859 3125 imus
877 3070 942 3124 olim

180 3147 320 3217 Virgilius,
337 3152 401 3218 post
417 3148 491 3201 hunc
509 3148 611 3201 Varius
629 3149 726 3203 dixere
745 3148 813 3215 qnid
833 3162 930 3200 essem.
1010 3160 1034 3201 ts

179 3222 223 3278 Ut
238 3225 301 3279 veni
318 3240 409 3279 coram
426 3221 565 3292 singultim
583 3240 670 3291 pauca
686 3223 801 3289 locutus,
