2275 3550
122 217 138 262 a
173 275 179 287 ,
403 214 556 264 noanon
574 214 705 265 susem

229 294 288 349 Nos
305 293 434 361 convivia,
452 310 501 347 nos
520 295 624 362 proelia
640 296 771 363 virginum

230 370 318 425 Sectis
334 370 363 422 in
376 368 495 437 juvenes
511 371 651 437 unguibus
668 372 770 425 acrium

230 444 379 500 Cantemus
396 444 481 512 vacui,
500 445 557 498 sive
575 446 643 513 quid
660 445 765 500 urimur

264 519 328 574 Non
344 522 456 587 praeter
473 520 584 575 solitum
601 521 680 576 leves

128 817 309 872 Lannnsuur
325 817 372 872 alii
389 817 490 873 claram
510 729 626 872 lllrbblon
645 822 694 875 aut
711 819 859 890 Mitylenen

162 896 223 947 Aut
240 894 368 962 Epheson
384 893 531 948 bimarisve
550 895 675 949 Corinthi

127 968 239 1023 Moenia
255 969 300 1023 vel
318 969 425 1023 Baoobo
443 969 551 1023 'l'hebas
569 970 613 1024 vel
631 969 759 1039 Apolline
777 970 897 1038 Delphos

163 1044 288 1113 Insignes
305 1047 354 1099 aut
372 1045 502 1099 Thessala
519 1045 628 1114 Tempe.

128 1118 199 1174 Sunt
211 1120 309 1189 quibus
320 1136 406 1173 unum
418 1136 486 1189 opus
498 1124 541 1174 est
553 1121 674 1176 intactae
686 1120 806 1175 Palladis
817 1120 914 1175 urbem
965 1133 980 1178 t

163 1195 290 1250 Carmine
307 1201 441 1265 perpetuo
459 1195 600 1261 celebrare
617 1201 647 1252 et

127 1270 259 1339 Undique
277 1271 436 1340 decerptam
452 1272 536 1326 fronti
553 1289 723 1342 praeponere
740 1273 846 1328 olivam.

163 1346 301 1400 Plurimus
318 1348 347 1400 in
364 1347 482 1402 lunonis
499 1347 632 1402 honorem

129 1422 236 1491 Aptum
253 1421 327 1476 dicet
344 1422 422 1490 equis
440 1423 531 1491 Argos
548 1423 676 1492 ditesque
694 1424 831 1493 Myoenas.

162 1498 211 1552 Me
227 1513 278 1551 nec
294 1501 353 1551 tam
369 1496 476 1566 patiens
494 1498 682 1553 Lacedaemon
959 1514 982 1555 ιο

128 1573 189 1627 Nee
205 1576 264 1627 tam
281 1572 407 1626 Larissae
425 1573 561 1642 percussit
579 1590 690 1643 campus
707 1573 822 1644 opimae,

163 1648 251 1713 Quam
268 1648 365 1701 domus
383 1648 526 1702 Albuneae
544 1650 698 1703 resonantis
856 1652 859 1657 '

128 1724 166 1780 Et
182 1739 312 1794 praeoeps
331 1722 403 1777 Anio
420 1739 452 1778 aa
470 1722 584 1777 'liburni
601 1723 677 1779 luous
695 1728 724 1780 et
741 1723 797 1780 uda

163 1800 312 1855 Mobilibus
328 1800 452 1868 pomaria
468 1799 541 1854 rivis.

129 1876 218 1932 Albus
235 1880 268 1931 ut
285 1876 399 1930 obseura
417 1876 546 1944 deterget
562 1877 658 1932 nubila
674 1877 768 1932 eaelo
959 1890 981 1931 rs

163 1952 252 2022 Saepe
269 1953 359 2007 Notus
376 1968 467 2021 neque
484 1954 605 2021 parturit
622 1951 725 2007 imbres

129 2027 273 2098 Perpetuo,
290 2029 329 2083 sio
346 2032 379 2081 tu
396 2030 503 2097 sapiens
521 2029 600 2083 finire
618 2031 752 2084 memento

164 2105 316 2159 'iristitiam
333 2104 462 2173 vitaeque
478 2103 587 2159 labores

129 2181 219 2249 Molli‚'
233 2180 340 2247 Plance,
358 2195 442 2246 mero,
460 2195 510 2232 seu
526 2183 556 2233 te
573 2179 707 2247 fulgentia
723 2178 806 2248 signis

164 2257 262 2315 castra
278 2257 376 2309 tenent
394 2270 443 2307 seu
460 2254 546 2307 densa
562 2255 669 2307 tenebit
952 2267 976 2304 so

129 2331 237 2387 Tiburis
254 2330 352 2384 umbra
369 2329 417 2384 tui.
453 2329 556 2382 Teucer
575 2329 713 2382 Salamina
729 2332 890 2397 patremque

164 2408 234 2462 Cum
251 2407 359 2473 fugeret
375 2407 468 2458 tamen
485 2404 541 2457 uda
559 2404 649 2472 Lyaeo
861 2403 864 2408 ⁴

129 2482 263 2552 'l'empora
279 2481 396 2552 populea
412 2480 501 2534 fertur
518 2479 637 2533 vinxisse
654 2495 759 2550 corona,

164 2558 210 2613 sio
226 2555 323 2611 tristes
340 2556 439 2610 affatus
455 2555 571 2610 amieos:

130 2635 190 2701 Quo
206 2650 257 2689 uos
273 2649 380 2701 cunque
397 2633 468 2686 feret
485 2632 583 2686 melior
599 2631 709 2687 fortuna
725 2634 840 2700 parente
955 2646 979 2686 ra·

165 2710 279 2779 Ibimus,
297 2726 314 2763 o
331 2709 395 2764 socii
412 2708 588 2777 comitesque.

131 2786 179 2842 Nil
196 2786 397 2854 desperandum
415 2785 518 2838 'leuem
535 2785 605 2839 dirce
622 2786 653 2839 et
670 2784 779 2853 auspice
797 2783 917 2849 Teucr03

166 2863 265 2918 Certus
282 2861 355 2915 enim
371 2859 496 2929 promisit
515 2860 614 2927 Apollo

131 2938 298 3007 Ambiguam
315 2936 415 2991 tellure
432 2952 503 2990 nova
520 2934 657 2989 Salamina
673 2935 800 2992 futuram.

166 3014 190 3068 0
208 3014 293 3066 fortes
310 3012 459 3082 pejoraque
475 3011 548 3081 passi
955 3030 979 3068 ω

131 3089 241 3143 Mecum
259 3104 339 3155 saepe
356 3087 416 3156 riri,
433 3102 505 3141 nuno
522 3087 586 3140 vino
602 3086 696 3155 pellite
714 3102 807 3151 ouras3

123 3172 127 3179 “
167 3165 234 3220 Cras
251 3165 347 3232 ingens
363 3161 522 3219 iterabimus
539 3176 648 3230 aequor.
