2275 3550
128 191 173 243 loa
401 194 557 245 HORA‘l'II
574 195 705 246 ranem

126 273 256 330 Militiam
273 290 344 345 puer
362 278 392 330 et
411 274 575 329 cantabrica
593 274 666 329 bella
683 275 773 336 tulisti
960 295 991 333 ss

126 349 184 405 Sub
203 347 274 405 duce
292 344 340 421 qui
358 351 470 419 templis
489 350 654 405 Parthorum
673 351 750 419 signa
768 352 861 420 refigit
962 387 966 393 ·

126 425 153 479 N
155 442 214 491 unc,
231 429 261 480 et
281 427 305 480 si
323 427 390 496 quid
408 426 486 481 abest
503 426 583 481 Italis
600 427 743 495 adjudicat
760 429 851 483 armis.

127 503 179 570 Ac,
200 518 236 556 ne
256 506 286 557 te
304 502 430 557 retrahas
449 506 479 557 et
499 502 691 557 inexcusabilis
709 503 792 571 absis,

127 576 259 640 Quamvis
279 578 318 630 nil
337 582 417 632 extra
437 594 582 632 numerum
601 579 697 632 fecisse
713 579 879 650 modumque

127 652 221 722 Cures,
242 652 385 708 interdum
402 654 514 721 nugaris
535 670 600 707 rure
618 658 750 724 patern03
963 678 992 717 ω

128 727 253 782 Partitur
269 729 366 783 lintres
386 729 538 792 exercitum
558 729 641 783 Actia
662 746 756 798 pugna

128 804 167 858 'le
185 804 255 859 duce
272 822 324 874 per
338 821 439 875 pueros
456 805 548 859 hostili
569 821 645 859 more
663 806 797 873 refertum

126 878 313 934 Adversarius
330 885 373 935 est
390 881 484 947 frater,
501 880 577 934 lacus
598 881 711 947 Hadria,
732 881 820 937 donee

128 955 306 1009 Alterutrum
321 956 401 1010 velox
421 955 545 1009 Victoria
563 956 662 1009 fronde
681 960 802 1011 coronet.

132 1029 295 1085 Consentire
313 1032 370 1085 suis
390 1031 489 1085 studiis
508 1031 555 1099 qui
574 1030 726 1085 crediderit
742 1036 780 1098 te,
961 1056 988 1094 05

130 1104 233 1160 llantur
251 1112 370 1176 utroque
387 1110 467 1161 tuum
484 1106 611 1161 laudabit
625 1107 723 1177 pollice
743 1107 846 1164 ludum.
886 1159 894 1166 ,

130 1179 259 1236 Protinus
276 1185 309 1237 ut
327 1199 459 1249 moneam,
478 1182 502 1236 si
519 1182 587 1250 quid
605 1182 749 1238 mobitoris
766 1201 831 1253 eges
848 1189 881 1240 tu

132 1256 205 1321 Quid
222 1258 258 1312 de
276 1275 385 1328 quoque
401 1259 460 1312 viro
478 1263 508 1312 et
524 1259 568 1312 cui
586 1257 661 1313 dicas
679 1276 761 1329 saepe
777 1261 878 1315 videto.
1116 1225 1119 1384 1

132 1332 353 1387 Percontatorem
370 1334 465 1403 fugito,
482 1350 546 1388 nam
562 1333 689 1401 garrulus
707 1335 781 1388 idem
799 1340 850 1405 est,

132 1403 157 1460 N
159 1424 191 1462 ec
206 1408 327 1463 retinent
343 1410 454 1478 patulae
471 1410 615 1463 commissa
632 1410 752 1464 fideliter
769 1428 857 1481 aures,
960 1427 992 1470 ro.
1117 1389 1118 1458 Ῑ

133 1479 169 1536 lit
186 1484 270 1537 semel
287 1485 416 1538 emissum
433 1486 507 1539 volat
524 1485 702 1539 irrevocabile
719 1486 841 1540 verbum.

132 1558 158 1611 N
160 1574 195 1620 on
211 1559 308 1614 ancilla
325 1563 404 1613 tuum
416 1559 497 1629 jecur
514 1560 620 1615 ulceret
636 1561 693 1614 ulla
708 1577 811 1631 puerve

133 1634 211 1689 Intra
227 1651 409 1689 marmoreum
426 1635 575 1690 venerandi
592 1635 676 1690 limen
693 1638 782 1706 amici,

133 1710 176 1765 Ne
194 1710 319 1765 dominus
335 1710 413 1780 pueri
430 1710 537 1781 pulchri
554 1727 667 1766 caraeve
684 1713 791 1782 puellae

117 1784 248 1842 'Munere
264 1791 294 1843 te
311 1804 395 1857 parvo
412 1788 478 1842 beet
494 1790 543 1842 aut
559 1788 746 1844 incommodus
762 1795 854 1859 angat
962 1805 985 1846 vs

134 1863 246 1928 Qualem
258 1864 432 1918 commendes
444 1863 528 1917 etiam
540 1867 624 1933 atque
636 1865 719 1918 etiam
730 1865 850 1934 adspice,
862 1882 897 1919 ne
909 1883 973 1921 mox

134 1938 272 1994 lucutiant
289 1938 377 1993 aliena
393 1938 445 1992 tibi
462 1943 575 2006 peccata
591 1940 731 2008 pudorem

133 2014 265 2069 Ilallimur
281 2019 312 2068 et
328 2015 465 2083 quondam
482 2030 537 2068 non
555 2014 668 2082 dignum
685 2015 832 2071 tradimus:
849 2034 914 2085 ergo

134 2091 221 2155 Quem
238 2106 287 2144 sua
304 2090 383 2158 culpa
399 2094 508 2158 premet
525 2090 656 2159 deceptus
673 2091 770 2145 omitte
787 2093 869 2157 tueri,

132 2165 174 2220 Ut
190 2166 299 2235 penitus
316 2168 420 2233 notum,
438 2165 461 2217 si
478 2168 588 2219 tentent
604 2166 725 2234 crimina,
743 2184 836 2222 serves
958 2172 984 2229 ω’

133 2241 296 2309 'luterisque
313 2242 362 2293 tuo
380 2239 511 2292 fidentem
526 2239 679 2311 praesidio;
696 2242 744 2311 qui
780 2230 784 2255 ‘

133 2316 223 2369 Dente
241 2314 379 2368 Theonino
397 2330 459 2368 cum
476 2313 691 2383 circumroditnr,
709 2318 809 2387 ecquid

126 2391 181 2446 'Ad
197 2395 227 2446 te
243 2394 306 2459 post
323 2389 404 2459 paulo
422 2393 538 2444 ventura
554 2390 677 2459 pericula
694 2394 796 2449 sentisl

132 2467 204 2522 Nam
221 2470 271 2522 tua
287 2482 333 2520 res
350 2466 442 2533 agutur
457 2466 549 2538 paries
566 2482 629 2520 cum
647 2469 788 2537 proximus
805 2469 893 2538 ardet,

132 2542 170 2598 ln
186 2542 311 2611 neglecta
328 2541 417 2596 solent
434 2541 561 2595 incendia
579 2558 688 2597 sumere
705 2544 785 2599 vires
960 2564 984 2605 ss

133 2618 228 2672 Dulcis
243 2617 394 2694 inexpertis
412 2616 519 2671 cultura
535 2618 658 2686 potentis
676 2619 770 2673 amici:

133 2695 270 2764 Expertus
287 2693 394 2748 metuit.
429 2692 471 2746 'lu
488 2693 555 2747 dum
572 2697 622 2747 tua
638 2696 716 2748 navis
733 2695 763 2749 in
780 2696 896 2752 altoest

133 2770 194 2824 Hoc
210 2786 270 2839 age,
287 2786 323 2829 ne
339 2772 446 2830 mutata
462 2772 613 2826 retrorsum
631 2773 661 2823 te
677 2771 750 2824 ferat
767 2788 842 2825 aura

132 2845 259 2917 Oderunt
276 2844 389 2899 hilarem
407 2844 502 2899 tristes
519 2845 683 2914 tristemque
697 2845 793 2913 jocosi,

132 2921 264 2976 Sedatum
280 2920 389 2987 celeres,
406 2919 505 2988 agilem
522 2937 679 2989 navumque
696 2920 819 2986 remissi3
968 2927 989 2968 ⁹⁰

132 2996 246 3052 Potores
263 2994 351 3049 bibuli
367 2995 459 3051 media
476 2994 513 3051 de
529 2999 609 3048 nocte
628 2996 738 3049 Falerni

132 3072 259 3126 Oderunt
276 3074 402 3141 porrecta
418 3073 565 3138 negantem
582 3071 686 3138 pocula,
704 3069 827 3140 quamvis

133 3140 286 3200 Nocturnos
299 3147 380 3216 jures
396 3149 427 3199 te
443 3144 592 3203 formidare
609 3161 731 3213 vapores.

133 3215 218 3275 Deme
236 3221 381 3291 supercilio
396 3218 513 3285 nubem;
530 3218 693 3288 plerumque
710 3219 851 3274 modestus
