2275 3550
435 216 640 267 CARMINUM
656 216 711 265 111.
729 220 754 270 8.
982 216 1012 268 sl

337 295 431 364 'Ihyna
447 312 537 350 mereo
553 296 673 362 beatum,

373 371 531 426 Constantis
544 370 676 438 juvenem
693 371 756 435 fide,

303 447 420 516 Gygenl
455 447 508 500 Ille
524 446 606 499 Notis
622 449 700 499 actus
716 446 753 499 ad
771 446 883 500 Oricum
1001 459 1017 500 s

304 521 485 577 Post-insana
502 521 607 589 Caprae
625 521 717 577 sidera
733 521 848 588 frigidas

338 597 441 651 Noctes
458 612 513 649 non
530 596 590 649 sine
607 596 700 649 multis

374 671 510 725 Insomnis
526 670 647 724 lacrimis
663 670 728 738 agit.

306 747 394 816 Atqui
412 746 543 800 sollicitae
558 746 672 800 nuntius
687 747 820 814 hospitae,

306 821 449 890 Suspirare
467 821 571 875 Chloen
588 824 618 875 et
634 822 763 875 miseram
779 822 837 874 tuis
994 834 1018 873 so

338 897 441 953 Dicens
460 897 569 965 ignibus
586 896 638 963 uri,

373 973 473 1027 Tentat
489 973 564 1025 mille
581 973 658 1026 vafer
673 971 769 1025 modis

305 1047 346 1103 Ut
363 1048 494 1102 Proetum
511 1048 611 1102 mulier
626 1047 733 1117 perfida
749 1045 889 1100 credulum

309 1122 398 1176 Falsis
411 1123 553 1190 impulerit
569 1123 728 1176 criminibus
745 1121 828 1174 nimis

339 1198 422 1252 Casto
440 1197 645 1264 Bellerophonti
994 1208 1018 1247 ss

373 1272 515 1326 Maturare
530 1287 635 1339 necem,
648 1271 742 1325 refert.
926 1268 930 1279 “

304 1347 410 1402 Narrat
424 1363 513 1414 paene
529 1345 627 1399 datum
645 1344 728 1399 Pelea
745 1345 866 1412 Tartaro,

305 1421 479 1489 Magnessam
498 1421 667 1488 Hippolyten
684 1420 752 1473 dum
767 1419 840 1486 fugit
856 1418 998 1481 absunens
1007 1439 1015 1480 ;

338 1497 377 1552 Et
393 1513 507 1566 peccare
524 1496 653 1550 docentes

373 1571 469 1626 Fallax
486 1572 615 1625 historias
631 1574 729 1626 movet
992 1582 1019 1622 ao

304 1648 433 1703 Frustra:
449 1664 513 1701 narn
531 1647 649 1715 scopulis
665 1645 775 1700 surdior
791 1644 865 1703 Icari

304 1723 394 1778 Voces
411 1723 489 1777 audIt
505 1722 595 1776 adhuc
611 1722 725 1791 integer.
760 1724 801 1775 At
818 1720 870 1774 tibi

220 1829 222 1832 v
337 1799 364 1854 N
366 1816 382 1851 e
391 1800 501 1853 'sicinus
519 1798 641 1864 Enipeus

374 1873 439 1927 Plus
452 1872 532 1940 justo
548 1873 656 1940 placeat
672 1886 755 1935 cave3

305 1949 435 2013 Quamvis
452 1964 507 1999 non
524 1947 593 1999 alius
611 1946 723 1998 flectere
741 1962 842 2013 equum
859 1944 950 1998 sciens
993 1959 1017 1999 25

305 2028 404 2091 Aeque
422 2020 589 2090 conspicitur
605 2020 728 2088 gramine
746 2020 855 2086 Martio,

340 2098 365 2151 N
368 2114 399 2151 ec
416 2098 559 2167 quisquam
577 2096 649 2149 citus
665 2110 754 2164 aeque

374 2172 461 2226 Tusco
478 2172 592 2225 denatat
609 2172 693 2225 alveo.

306 2244 398 2302 Prima
415 2251 495 2322 nocte
514 2247 625 2299 domum
642 2245 739 2299 claude
756 2262 846 2313 neque
863 2244 893 2299 in
909 2245 969 2300 viss

305 2323 363 2379 sub
379 2328 463 2376 cantu
480 2323 613 2390 querulae
630 2320 851 2390 despicetibiae,
993 2333 1017 2372 e]

339 2398 377 2452 Et
393 2401 424 2451 te
441 2414 523 2465 saepe
541 2398 649 2450 vocanti

373 2470 478 2527 Duram
496 2472 614 2526 difficilis
633 2488 719 2526 mane.

546 2610 633 2664 VIII.

305 2695 428 2751 Maurus
446 2692 554 2748 caelebs
572 2692 640 2762 quid
655 2708 734 2761 agam
753 2691 895 2762 Kalendis,

305 2770 380 2835 Quid
396 2769 482 2824 velint
499 2768 582 2822 flores
598 2772 630 2822 et
646 2783 741 2822 scena
756 2767 845 2821 thuris

306 2839 391 2899 Plena
408 2843 522 2911 miraris,
539 2843 701 2912 positusque
717 2842 799 2897 carbo
816 2843 845 2897 in

341 2919 470 2987 Caespite
487 2917 556 2983 vise,

306 2991 396 3047 Docte
414 3009 552 3046 sermones
568 2992 713 3060 utriusque
730 2990 858 3058 hnglrael
1006 3002 1022 3047 σ

306 3067 444 3122 Voveram
461 3067 557 3120 dulces
574 3065 669 3134 epulas
686 3069 717 3118 et
732 3065 825 3116 album

306 3140 408 3199 Libero
424 3158 535 3210 caprum
552 3156 638 3210 prope
655 3140 799 3192 funeratus

342 3216 461 3271 Arboris
476 3217 540 3270 ictu.
