2275 3550
132 179 178 228 162
407 176 561 224 HORATII
579 175 708 225 PLAGGI

534 322 575 376 ΙΙ.

130 411 255 468 Taenarii
271 412 337 467 belii
355 412 523 482 scriptorem,
540 411 660 466 maxime
679 413 757 481 Lolli,

88 539 92 546 ,
130 488 204 541 Dum
222 492 255 542 tu
272 487 407 541 declamas
425 488 529 541 Itomae
548 488 696 541 Praeneste
713 489 819 557 relegi3

130 563 184 627 Qui
195 563 263 631 quid
275 563 312 617 sit
323 563 474 631 pulchrum,
484 563 552 631 quid
563 566 653 632 turpe,
666 564 734 632 quid
746 565 822 633 utne,
834 566 903 635 quid
915 586 978 641 non,

130 638 242 692 Planius
259 655 291 692 ac
308 639 405 692 melius
424 638 575 708 Chrysippo
593 642 623 693 et
641 639 775 694 Crantore
793 641 868 700 dicit

130 714 186 768 Cur
203 715 243 768 ita
258 714 423 768 crediderim
440 714 493 769 nisi
511 714 579 783 quid
595 718 625 768 te
643 714 751 770 detinet
768 717 859 775 audi„
974 739 987 778 a

129 789 235 844 Fabula
252 807 306 858 qua
325 790 433 844 Paridis
449 794 563 860 propter
579 793 708 844 narratur
724 808 846 847 amorem

129 864 243 920 Graecia
260 865 411 920 Barbariae
427 866 501 920 lento
519 865 613 919 collisa
630 866 722 920 duello

30 967 37 973 -
128 940 281 995 Stultorum
299 957 394 1009 regum
412 945 441 994 ct
458 941 619 1009 populorum
637 943 761 997 continet
778 946 879 1000 aestus
928 1021 930 1024 Ι

129 1016 256 1070 Antenor
272 1020 367 1070 censet
383 1017 450 1070 belli
466 1016 633 1086 praecidere
644 1033 769 1072 causam:

40 1110 44 1116 ’
129 1092 203 1155 Quid
221 1093 319 1146 Paris‘l
353 1092 395 1146 Ut
413 1092 502 1145 salvus
519 1094 619 1160 regnet
636 1093 766 1162 vivatque
782 1093 882 1149 beatus
962 1114 986 1152 m

129 1167 196 1236 Cogi
213 1184 294 1238 posse
311 1170 402 1235 negat.
437 1167 539 1221 Nestor
556 1183 719 1236 componere
735 1169 799 1223 lites

128 1244 210 1298 Inter
228 1244 343 1297 Peliden
360 1243 474 1297 festinat
492 1246 521 1297 et
537 1243 612 1297 inter
630 1243 764 1310 Atriden3

128 1318 212 1373 Hunc
229 1335 311 1386 amor,
329 1318 372 1372 ira
389 1319 500 1386 quidem
519 1319 700 1372 communiter
716 1320 774 1373 urit
790 1323 947 1391 utrumque.

128 1393 270 1463 Quidquid
287 1393 407 1447 delirant
423 1409 502 1461 reges
519 1393 676 1461 plectuntur
694 1394 800 1448 Achivi.

128 1468 277 1536 Seditione,
296 1468 375 1535 dolis,
393 1468 496 1521 scelere
513 1472 598 1536 atque
615 1468 729 1523 libidine
747 1472 777 1524 et
793 1469 835 1525 ira
961 1488 984 1527 1⁵

98 1615 100 1619 ,
128 1544 225 1599 Iliacos
243 1545 316 1598 intra
333 1559 425 1608 muros
442 1547 571 1612 peccatur
588 1546 619 1597 et
636 1547 722 1598 extra.

128 1619 234 1673 Rursus
251 1619 320 1688 quid
336 1619 424 1672 virtus
442 1621 472 1672 et
489 1618 557 1686 quid
575 1618 710 1688 sapientia
726 1620 814 1689 possit

127 1694 205 1749 Utile
222 1694 364 1764 proposuit
380 1693 459 1748 nobis
478 1695 619 1761 exemplar
636 1695 745 1764 Ulixen,

128 1770 181 1835 Qui
199 1770 318 1826 domitor
335 1770 598 1839 'lrojaemultorum
616 1773 747 1840 providus
764 1771 848 1828 urbes

127 1846 165 1901 m
181 1864 272 1902 mores
289 1847 430 1901 hominum
447 1847 576 1916 inspexit,
594 1847 736 1916 latumque
753 1866 804 1917 per
820 1865 929 1917 aequor,
956 1865 982 1904 ro

126 1922 200 1976 Dum
218 1923 270 1977 sibi
289 1924 355 1977 dum
373 1923 452 1977 sociis
468 1923 590 1977 reditum
607 1927 694 1992 parat,
712 1940 809 1992 aspera
827 1925 914 1978 multa

127 1998 247 2053 Pertulit
263 1999 386 2053 adversis
403 2016 496 2052 rerum
513 1998 704 2052 immersabilis
719 2000 809 2054 undis.

126 2073 254 2128 Sirenum
271 2090 350 2128 voces
368 2077 398 2128 et
416 2074 511 2127 Circae
528 2075 625 2142 pocula
642 2074 715 2129 nosti
724 2095 732 2141 ;

127 2149 202 2213 Quae
220 2150 323 2203 sicum
342 2149 420 2202 sociis
438 2149 538 2202 stultus
556 2149 727 2217 cupidusque
743 2149 867 2220 bibisset,

126 2223 183 2277 Sub
199 2224 311 2291 >domina
327 2223 471 2277 meretrice
489 2224 587 2276 fuisset
604 2224 694 2291 turpis
712 2228 741 2278 et
759 2242 862 2293 excors,
957 2243 982 2281 aa

125 2299 249 2353 Vixisset
266 2299 340 2352 canis
357 2297 515 2350 immundus
532 2297 577 2351 vel
594 2298 681 2350 amica
697 2299 756 2351 luto
774 2315 829 2353 sus.

125 2374 151 2428 N
153 2392 183 2428 os
200 2390 330 2428 numerus
348 2390 441 2427 sumus
459 2377 488 2426 et
505 2372 599 2440 fruges
617 2388 775 2426 consumere
791 2373 857 2444 nati,

125 2451 222 2519 Sponsi
241 2450 401 2517 Penelopae,
418 2448 574 2515 nebulones,
592 2446 753 2516 Alcinoique

125 2526 161 2579 In
177 2529 241 2579 cute
258 2525 379 2578 curanda
395 2524 457 2591 plus
474 2539 562 2592 aequo
580 2526 693 2591 operata
705 2525 845 2593 juventus,

125 2601 176 2655 cui
194 2600 338 2670 pulchrum
354 2600 409 2653 fuit
426 2600 455 2652 in
472 2599 577 2652 medios
595 2599 715 2652 dormire
733 2600 793 2653 dies
810 2605 839 2655 et
956 2617 982 2657 so

124 2676 173 2730 Ad
189 2677 336 2745 strepitum
353 2675 474 2729 citharae
486 2677 627 2729 'cessatum
645 2674 746 2728 ducere
763 2693 863 2730 curam.
892 2705 896 2713 ·

124 2752 165 2807 Ut
179 2751 309 2821 jugulent
325 2752 450 2806 homines
467 2755 582 2818 surgunt
601 2750 637 2804 de
654 2755 735 2804 nocte
752 2751 888 2808 latrones:

124 2828 165 2882 Ut
182 2832 211 2883 te
229 2829 319 2897 ipsum
337 2844 431 2882 serves
447 2844 502 2883 non
520 2826 737 2896 expergisceris?
772 2827 862 2896 Atqui

123 2902 154 2965 Si
171 2904 247 2958 noles
265 2920 346 2957 sanus
364 2920 456 2958 curres
473 2902 653 2972 hydropicum
672 2905 702 2956 et
718 2901 747 2955 ni

124 2977 224 3033 Posces
241 2983 305 3034 ante
322 2979 396 3032 diem
413 2979 513 3032 librum
531 2994 594 3031 cunr
611 2978 719 3043 lumine,
737 2979 761 3030 si
776 2989 830 3029 non
954 2995 979 3034 35

125 3052 259 3108 intendes
277 3056 397 3112 animum
416 3054 514 3109 studiis
532 3058 561 3108 et
579 3053 662 3107 rebus
679 3054 810 3120 honestis,

123 3126 233 3182 Invidia
248 3131 293 3184 vel
311 3147 403 3184 amore
420 3130 485 3198 uigil
502 3128 678 3198 torquebere:
712 3129 784 3182 Nam
802 3146 851 3183 cur

123 3199 200 3262 Quae
217 3203 330 3260 laedunt
347 3206 438 3260 oculos
455 3204 568 3259 festinas
585 3204 704 3271 demere,
722 3204 745 3256 si
763 3204 828 3272 quid
