2275 3550
141 166 187 216 140
416 165 577 215 HORATII,
589 166 719 216 FLACOI

119 283 121 287 -
140 243 252 313 Ungere
270 243 293 298 si
311 243 402 298 caules
419 243 479 299 oleo
495 245 608 298 meliore
625 248 765 317 caputque

91 314 94 330 ¹
141 319 270 389 Coeperis
287 319 398 387 impexa
415 319 526 374 foedum
544 320 699 389 poniginel
735 321 833 392 Quare,

141 395 171 450 Si
188 395 296 465 quidvis
314 395 381 448 satis
399 399 448 462 est,
465 395 599 464 perjuras,
616 397 738 465 surripis,
756 399 848 453 aufers

140 471 291 540 Undiquel
327 472 386 524 Tun
405 473 506 525 sanus?
542 472 677 541 Populum
695 473 718 526 si
736 475 853 529 caedere
870 477 943 532 saxis

141 546 260 615 Incipias
277 563 425 616 servosque
441 549 504 600 tuos
519 564 589 615 quos
605 565 669 601 aere
686 550 799 617 pararis,
910 588 913 593 -

141 622 272 677 Insanum
289 624 319 676 te
337 637 431 675 omnes
448 622 527 690 pueri
543 623 717 692 clamentque
732 625 853 693 puellae:
960 644 997 684 rao

141 698 211 752 (lum
228 698 326 766 laqueo
342 714 458 751 uxorem
474 697 610 752 interimis
627 703 799 769 matremque
816 718 920 756 veneno

141 773 274 828 Incolumi
282 773 371 841 capite
380 775 430 827 esl
449 772 522 838 Quid
531 773 612 842 enim,
619 791 710 843 neque
720 778 754 828 tu
764 776 815 830 hoc
826 777 893 830 facis
901 778 996 847 Argis,

139 849 167 902 N
169 866 202 904 eo
215 848 288 903 ferro
305 852 338 902 ut
354 847 467 902 demens
484 848 646 916 genitricem
664 849 764 904 occidis
784 850 903 907 Orestes

140 925 187 979 An
204 928 237 980 tu
253 924 323 978 reris
341 940 404 977 eum
421 923 509 977 occisa
526 923 661 978 insanisse
678 930 800 993 parente,

140 1001 183 1055 Ac
199 1017 254 1054 non
270 1004 334 1054 ante
351 999 431 1054 malis
448 998 605 1053 dementem
623 1002 714 1053 actum
733 1000 825 1055 Furiis
841 1019 923 1071 quam
960 1019 995 1059 ιιι

140 1076 175 1131 In
192 1075 289 1130 matris
303 1074 399 1144 jugulo
417 1075 520 1128 ferrum
537 1074 668 1144 tepefecit
685 1080 814 1130 acutum?

140 1152 212 1215 Quin
230 1167 336 1220 exque
354 1154 398 1204 est
414 1148 525 1203 habitus
543 1149 615 1204 male
633 1153 710 1205 tutae
727 1152 828 1205 mentis
846 1151 959 1208 Orestes

140 1226 187 1282 Nil
204 1244 271 1282 sane
288 1226 353 1281 fecit
370 1226 445 1295 quod
461 1228 493 1280 ιιι
510 1224 713 1294 reprehendere
730 1228 831 1295 possis:

139 1303 202 1357 Non
221 1303 341 1372 Pyladen
358 1302 433 1357 feno
450 1300 550 1355 violare
568 1317 684 1356 aususve
702 1318 825 1357 sororem

138 1379 285 1447 Electram,
302 1380 411 1432 tantum
428 1376 568 1431 maledicit
586 1376 697 1446 utrique
714 1378 837 1432 vocando
958 1397 993 1436 no

139 1454 220 1508 Hanc
237 1454 355 1520 ruram,
374 1453 446 1506 hunc
462 1451 538 1505 aliud
551 1451 637 1520 jussit
654 1453 730 1521 quod
747 1453 892 1524 splendida
909 1455 978 1509 bilis.

139 1529 249 1599 Pauper
266 1528 391 1596 Opimius
408 1527 516 1594 argenti
532 1527 616 1594 positi
633 1528 708 1582 intus
726 1532 755 1583 et
772 1530 850 1597 auri-

139 1604 193 1669 Qui
211 1605 394 1658 Veientanum
412 1602 490 1656 festis
506 1605 604 1671 potare
623 1602 721 1657 diebus

139 1680 278 1750 Campana
294 1679 390 1733 solitus
407 1678 492 1731 trulla
508 1694 680 1748 vappamque
696 1680 832 1748 profestis,

139 1756 283 1823 Quondam
299 1755 422 1824 lethargo
438 1752 536 1823 grandi
553 1757 598 1809 est
615 1771 769 1824 oppressus,
786 1759 819 1810 ut
835 1757 915 1812 heres
954 1774 989 1814 ιιι

139 1833 204 1888 Jam
221 1834 323 1888 circum
340 1832 442 1886 loculos
460 1834 491 1885 et
507 1831 598 1885 claves
615 1830 705 1886 laetus
723 1848 860 1901 ovansque

139 1911 278 1966 Omreret.
313 1908 397 1963 Hunc
412 1906 535 1962 medicus
552 1906 670 1960 multum
688 1906 763 1961 celer
779 1910 865 1977 atque
881 1908 969 1963 fidelis

139 1985 250 2041 Excitat
265 1986 317 2039 hoc
333 1988 427 2053 pacto:
444 1999 567 2037 mensam
584 1983 649 2051 poni
663 1981 746 2049 jubet
763 1988 848 2053 atque

139 2062 250 2116 Effundi
268 2077 358 2115 saccos
374 2074 554 2125 nummorum,
567 2058 697 2112 accedere
713 2059 808 2127 plures

139 2138 187 2191 Ad
198 2135 410 2200 numerandum3
421 2133 560 2187 hominem
572 2133 611 2186 sio
623 2133 704 2199 erigit
711 2155 718 2198 ;
730 2134 809 2188 addit
821 2138 851 2189 et
861 2134 942 2190 illud:
956 2151 989 2190 rso

138 2212 189 2265 ‘Ni
206 2216 256 2265 tua
273 2209 394 2264 custodis
411 2207 508 2261 avidus
521 2208 582 2273 jam
600 2207 667 2259 haec
684 2208 792 2261 auferet
810 2209 903 2264 heres!

138 2286 218 2340 ‘Men
236 2285 297 2338 uiuo
305 2284 322 2338 ι’
354 2282 410 2336 ‘Ut
427 2281 500 2334 vivas
518 2281 604 2348 igitur
620 2280 714 2348 vigila:
733 2281 786 2335 hoc
802 2284 868 2349 age?
902 2284 989 2347 ‘Quid

205 2360 247 2415 vis
256 2360 274 2414 ι’

137 2436 287 2492 ‘Deficicnt
303 2434 413 2504 inopem
430 2447 516 2486 venae
533 2434 564 2486 te
582 2430 611 2484 ni
628 2428 705 2483 cibus
723 2432 808 2499 atque

137 2514 237 2582 Ingens
254 2510 361 2566 accedit
377 2507 516 2564 stomacho
532 2505 636 2561 fultura
652 2506 750 2559 ruenti.

136 2589 178 2643 Tu
188 2589 297 2643 cessasl
333 2584 468 2655 Agedum,
481 2600 557 2642 sume
568 2582 620 2635 hoc
631 2582 809 2651 ptisanarium
821 2588 931 2651 oryzae!
953 2603 987 2642 ιιι

135 2664 250 2731 ‘Quanti
262 2666 371 2732 emptae
380 2662 398 2717 ι’
415 2659 533 2714 ‘Parva'
551 2657 669 2724 ‘Quanti
680 2659 771 2726 ergol'
790 2657 984 2715 ‘Octussibus’

204 2741 213 2768 ‘
220 2740 313 2794 Eheu!
409 2760 413 2764 ’
736 2751 740 2757 ·

135 2814 208 2881 Quid
223 2813 310 2867 refert
327 2810 422 2866 morbo
439 2826 474 2865 an
490 2808 573 2864 furtis
589 2825 755 2879 pereamque
772 2809 898 2879 rapinist‘

134 2892 265 2957 Quisnam
276 2888 361 2957 igitur
372 2889 470 2941 sanusl
507 2885 560 2950 Qui
571 2901 626 2938 non
638 2886 747 2939 studius.
782 2885 855 2950 Quid
866 2889 983 2943 avarusl

133 2968 240 3021 Stultus
258 2969 286 3019 et
303 2965 421 3019 insanus
458 2960 539 3029 Quid,
558 2960 582 3014 si
599 2961 661 3028 quis
678 2977 733 3014 non
750 2960 787 3014 sit
805 2977 910 3030 avarus,

133 3042 268 3096 Continuo
286 3040 388 3095 sanuel
424 3036 546 3091 Minime.
582 3035 645 3102 Gur,
665 3033 777 3090 Stoicel
812 3036 915 3090 Dicam
945 3051 980 3091 rso

132 3116 196 3171 Non
213 3121 256 3172 est
272 3115 412 3171 cardiacus
431 3112 587 3183 (Craterum
605 3110 708 3164 dixisse
724 3111 830 3178 putato)

132 3187 187 3244 Hic
204 3207 299 3259 aeger:
317 3194 393 3247 recte
411 3192 455 3244 est
471 3188 557 3256 igltur
575 3186 742 3253 surgetquet
776 3184 803 3237 N
805 3183 903 3252 egebit,
