2275 3550
332 226 335 233 v
432 212 639 262 chramnum
655 213 694 261 11.
713 213 737 261 a
977 212 1009 257 aa
1116 180 1118 233 ³

295 293 408 347 Nescius
425 310 460 347 an
477 298 507 347 te
524 309 656 361 generum
673 291 749 346 beati
937 354 939 358 ¹

295 368 428 436 Phyllidis
445 369 531 422 flavae
549 369 680 421 decorent
697 371 842 436 parentes:

295 444 412 512 Regium
429 448 504 498 certe
521 461 608 512 genus
626 446 656 497 et
673 446 787 510 penates
989 452 1012 495 ιε
1118 461 1119 468 ’

329 520 438 575 Maeret
454 520 569 588 iniquos.

294 595 385 650 Crede
402 612 456 649 non
473 596 548 650 illam
565 594 617 649 tibi
635 594 670 649 de
688 594 803 649 scelesta

295 669 380 725 Plebe
398 671 533 738 dilectam,
550 687 641 739 neque
659 671 698 723 sie
715 669 832 737 fidelem,

209 815 211 820 .
295 746 340 801 Sic
358 747 434 800 lucro
450 762 582 815 aversam,
599 745 722 815 petuisse
738 745 812 798 nasei

329 822 421 877 Matre
437 822 574 892 pudenda.

295 897 411 952 Brachia
428 904 458 953 et
476 899 581 954 vultum
599 900 757 965 teretesque
775 911 854 951 suras
888 962 891 969 Ι

235 971 252 991 ⁶
296 973 409 1042 Integer
426 974 522 1040 laudm
539 975 604 1042 fuge
622 972 762 1041 suspicari,

295 1049 381 1117 (lujus
399 1054 524 1103 octavum
541 1049 691 1118 trepidavit
709 1051 786 1103 aetus

329 1124 464 1179 Claudere
480 1125 606 1179 lustrum.

563 1315 600 1372 V.

294 1423 420 1479 Nouanus
438 1423 550 1480 subacta
566 1425 640 1479 ferre
653 1426 751 1494 jugum
769 1424 844 1480 valet

252 1540 255 1545 ,
294 1500 413 1568 Cervice,
430 1501 551 1555 nondum
568 1501 662 1555 munia
678 1501 811 1570 comparis

327 1577 456 1645 Aequare
472 1593 523 1630 nec
539 1578 613 1631 tauri
631 1577 719 1632 ruent'

361 1651 395 1705 In
413 1668 541 1706 venerem
558 1653 678 1707 tolerare
694 1653 809 1721 pondus.

273 1726 371 1786 .(lirea
388 1728 508 1782 virentes
525 1731 569 1783 est
586 1729 691 1783 animus
708 1733 774 1783 tune

271 1828 273 1832 ·
292 1803 408 1873 Campos
421 1804 562 1872 juvencae,
580 1821 653 1859 nunc
669 1805 758 1858 fluviis
775 1820 885 1873 gravem

325 1878 443 1932 Solantis
460 1883 575 1946 aestum,
592 1880 710 1933 nuncin
727 1878 783 1932 udo

361 1953 470 2007 Ludere
487 1970 549 2007 cum
566 1954 661 2008 ritulis
679 1954 774 2007 salicto

291 2027 515 2095 Praegestientis.
549 2028 625 2100 Tolle
641 2028 795 2097 cupidinem

292 2103 413 2158 Immitis
429 2120 515 2159 uvae:
528 2103 589 2172 jam
606 2104 659 2158 tibi
676 2104 774 2158 lividos

325 2178 485 2248 Distinguet
502 2183 677 2234 Auctunmus
693 2196 814 2235 racemos

359 2255 501 2324 Purpureo
517 2256 609 2309 rarius
626 2255 723 2327 colore.

289 2331 354 2385 Jam
371 2334 400 2385 te
418 2334 563 2399 sequetur:
582 2332 668 2386 currit
685 2331 759 2386 enim
775 2332 854 2386 ferox

289 2408 378 2461 Aetas
395 2409 425 2460 et
441 2406 481 2459 illi
498 2423 567 2475 quos
584 2407 636 2461 tibi
654 2407 806 2476 dempserit

323 2483 455 2551 Appenet
470 2498 572 2547 annos;
586 2482 646 2550 jam
663 2488 793 2552 proterva

357 2557 461 2611 Fronte
476 2561 555 2625 petet
573 2558 674 2626 Lalage
690 2558 835 2613 maritum:

288 2631 397 2686 Dilecta
413 2636 546 2701 quantum
563 2649 618 2686 non
637 2633 738 2687 Pholoe
756 2634 846 2702 fugax,

288 2708 315 2762 N
316 2725 351 2762 on
369 2707 476 2762 Chloris
493 2708 555 2762 albo
574 2709 613 2762 sic
630 2708 744 2763 humere
762 2710 859 2778 nitens,

322 2784 363 2838 Ut
380 2800 449 2853 pura
466 2788 599 2838 nocturno
615 2785 725 2839 renidet

356 2859 434 2912 Luna
450 2859 528 2927 mari,
547 2859 695 2914 Cnidiusve
712 2861 810 2929 Gyges,

288 2933 375 2999 Quem
394 2934 417 2987 si
434 2935 587 3003 puellarum
603 2936 738 2989 insereres
756 2936 839 3004 chore

287 3010 359 3064 Mire
377 3026 487 3078 sagaces
504 3011 612 3065 falleret
629 3011 750 3080 hospites

321 3084 474 3140 Discrimen
491 3086 635 3140 obscurum
654 3086 750 3141 solutis

356 3159 485 3216 (lrinibns
501 3162 683 3232 ambiguoque
699 3162 785 3222 vultu
