2275 3550
120 171 166 219 152
395 169 548 220 HORATII
565 171 695 218 FLAGOI

118 246 142 302 Ὁ
160 253 253 304 noctes
271 265 425 319 menseque
442 248 541 303 deum'l
566 248 667 318 quibus
683 249 744 317 ipse
760 247 873 317 meique
951 261 983 303 os

120 312 196 379 Ante
214 320 312 379 Larem
327 317 467 395 proprium
485 341 580 378 vescor
596 340 748 393 vernasque
764 338 894 392 proeaees
933 377 937 385 ,

120 381 207 454 flasco
224 386 316 454 libatis
334 393 456 471 dapibus.
493 399 580 453 Prout
597 400 694 469 cuique
711 399 798 452 libido
816 397 873 453 estl

121 464 210 529 Siocat
227 464 383 544 inaequales
400 475 497 530 calices
515 474 635 543 conviva,
653 475 758 528 solutus

121 544 242 617 Legibus
259 543 368 618 insanis,
386 568 435 605 sen
452 549 514 620 quis
531 549 606 618 capit
623 550 697 603 acria
713 550 793 603 fortis

122 618 222 678 Pocula
238 642 286 681 sen
303 626 418 680 modicis
435 626 540 680 uvescit
556 622 663 681 laetius.
699 625 772 692 Ergo
951 638 981 680 vo

122 700 217 754 Sermo
235 701 328 771 oritur,
346 719 400 756 non
419 702 455 755 de
471 698 543 756 villis
560 700 721 754 domibusve
739 699 842 767 alienis,

121 774 149 828 N
151 792 182 829 eo
198 777 269 830 male
286 794 371 831 necne
390 777 479 846 Lepos
496 777 593 840 saltet;
611 776 662 829 sed
679 775 753 844 quod
766 775 854 841 magis
869 776 907 827 ad
924 789 977 827 nos

123 850 249 906 Pertinet
266 856 295 906 et
312 852 417 906 nescire
435 853 537 906 malum
554 854 599 905 est
615 852 764 919 agitamus:
780 854 909 905 utrumne

123 926 234 980 Divitiis
251 927 374 981 homines
391 944 426 981 an
445 928 500 982 sint
517 928 621 982 virtute
638 926 730 992 beati3

124 1000 231 1065 Quidve
248 1001 284 1056 ad
301 1003 442 1070 amicitias,
458 1019 525 1057 usus
542 1006 690 1069 rectumne,
708 1002 802 1058 trahat
817 1017 882 1069 nos;
952 1015 978 1056 75

123 1075 161 1131 Et
178 1095 248 1147 quae
267 1079 303 1133 sit
319 1082 418 1133 natura
434 1079 499 1132 boni
517 1095 707 1147 summumque
724 1075 792 1147 quid
808 1077 875 1146 ejus.

123 1151 238 1206 Cervius
254 1153 321 1208 haee
338 1154 411 1208 inter
429 1154 531 1208 vicinus
548 1153 636 1221 gamit
652 1153 739 1207 aniles

123 1227 166 1280 1111
183 1245 214 1282 11
230 1229 351 1283 fabellas.
385 1229 415 1284 Si
433 1229 494 1297 quis
511 1245 575 1282 narn
592 1229 688 1282 laudat
706 1228 794 1282 Arelli

124 1302 257 1358 Sollicitas
275 1305 385 1372 ignarus
403 1320 475 1372 opes,
494 1305 533 1358 sic
550 1304 660 1372 incipit:
679 1302 775 1357 “Olim

124 1378 253 1432 Rusticus
270 1380 405 1434 urbanum
422 1396 528 1433 murem
545 1397 606 1432 mus
623 1395 744 1447 paupere
760 1379 849 1432 fertur
952 1393 977 1432 so

124 1455 270 1522 Accepisse
288 1471 360 1522 cavo,
378 1459 500 1509 veterem
518 1459 598 1509 vetus
615 1455 713 1523 hospes
730 1454 854 1521 anticum,

124 1530 215 1598 Asper
233 1534 262 1584 et
280 1533 403 1584 attentus
422 1530 561 1599 quaesitis,
579 1534 612 1585 ut
629 1534 721 1585 tamen
740 1533 831 1584 artum

123 1604 248 1659 Solveret
264 1606 390 1674 hospitiis
410 1607 538 1660 animum.
574 1606 648 1671 Quid
664 1607 768 1661 multat
786 1622 876 1674 neque
893 1606 939 1660 ille

123 1679 242 1749 Sepositi
259 1681 355 1735 ciceris
373 1698 423 1735 nec
440 1682 538 1750 longae
555 1682 656 1736 invidit
673 1698 784 1750 avenae,

123 1757 243 1811 Aridum
261 1760 289 1812 et
306 1774 355 1812 ore
373 1757 462 1813 ferens
480 1758 589 1813 acinum
607 1775 766 1829 semesaque
783 1755 854 1813 lardi
952 1771 976 1811 ss

101 1905 103 1910 Α
123 1833 226 1888 Ilrusta
243 1834 330 1903 dedit,
348 1835 460 1904 cupiens
477 1837 553 1890 varia
569 1836 682 1889 fastidia
698 1852 782 1890 coena

123 1909 242 1964 Vincere
259 1911 398 1979 tangentis
415 1912 486 1965 male
505 1912 612 1979 singula
630 1911 715 1965 dente
733 1909 865 1979 superbo;

124 1985 194 2040 Oum
211 1990 290 2054 pater
306 1987 366 2055 ipse
383 1986 481 2041 domus
498 1988 578 2055 palea
594 1990 738 2056 porrectus
755 1987 784 2039 in
800 1985 888 2038 horna

123 2061 204 2116 Esset
221 2062 289 2115 ador
306 2062 464 2130 loliumque,
483 2062 561 2130 dapis
579 2063 692 2116 meliora
709 2061 873 2129 relinquens.

123 2137 244 2191 Tandem
251 2137 372 2191 urbanus
381 2138 417 2191 ad
426 2138 511 2191 hune:
524 2137 611 2201 ‘Quid
619 2141 649 2192 te
656 2137 751 2205 juvati
760 2136 858 2204 inquit,
870 2134 974 2202 ‘amica

124 2212 268 2280 Praerupti
290 2212 410 2265 nemoris
427 2213 580 2280 patientem
597 2212 689 2265 vivere
708 2211 806 2264 dorsol
951 2225 972 2263 11

123 2287 174 2341 Vis
191 2290 224 2340 tu
241 2286 364 2340 homines
381 2287 533 2355 urbemque
550 2287 617 2339 feris
634 2300 803 2354 praeponere
820 2284 912 2338 silvisl

123 2362 211 2430 (impe
228 2361 306 2426 viam,
324 2360 392 2414 mihi
409 2362 501 2429 crede,
519 2377 625 2433 comes3
642 2360 786 2414 terrestria
802 2358 911 2431 quando

122 2436 254 2490 Mortales
271 2436 374 2489 animas
392 2436 487 2489 vivunt
504 2435 610 2503 sortita,
629 2450 719 2503 neque
736 2433 793 2486 ulla
809 2436 853 2488 est

122 2513 183 2566 Aut
199 2527 297 2579 magno
314 2515 363 2565 aut
379 2527 462 2579 parvo
479 2511 530 2565 leti
546 2511 624 2578 fuga:
650 2526 712 2579 quo,
728 2508 808 2576 bone,
825 2509 904 2576 11111,
950 2524 974 2565 et

122 2587 196 2640 Dum
212 2586 276 2640 licet
293 2586 323 2639 in
340 2586 423 2640 rebus
437 2586 568 2654 jucundis
585 2587 650 2639 vive
667 2586 780 2649 beatus3

122 2663 195 2715 Vive
212 2678 316 2715 memor
334 2678 416 2730 quam
433 2663 471 2716 sis
488 2662 549 2716 aevi
567 2661 672 2715 brevis?
710 2661 789 2714 Haec
805 2658 853 2713 ubi
871 2659 945 2714 diota

123 2738 270 2807 Agrestem
288 2739 417 2806 pepulere
435 2738 516 2792 domo
533 2738 603 2792 levis
621 2737 728 2803 exsilit3
745 2737 811 2790 inde

123 2813 214 2867 Ambo
231 2813 401 2883 propositum
419 2818 555 2883 peragunt
573 2815 634 2882 iter,
653 2813 729 2867 urbis
746 2814 860 2866 aventes

122 2890 233 2944 Moenia
249 2890 376 2943 nocturni
395 2890 551 2958 subrepere.
587 2888 706 2957 Jamque
723 2887 837 2941 tenebat
940 2898 972 2939 loo

121 2963 149 3030 N
151 2982 185 3018 ox
203 2965 324 3019 medium
342 2965 409 3019 caeli
427 2966 546 3034 spatium
564 2982 626 3019 cum
644 2965 722 3033 ponit
738 2967 856 3031 uterque

122 3039 158 3093 In
175 3039 310 3108 locupleto
328 3040 409 3094 domo
426 3041 550 3108 vestigia,
567 3040 652 3093 rubro
669 3039 716 3092 nbi
734 3055 813 3091 cocco

122 3113 218 3169 Tincta
236 3132 318 3184 super
334 3116 419 3170 leotos
436 3116 568 3170 canderet
586 3114 671 3168 vestis
689 3114 815 3180 eburnos,

120 3185 266 3258 Multaque
284 3190 321 3244 de
337 3206 436 3259 magna
452 3194 627 3259 superessent
644 3189 746 3243 11111111
762 3202 853 3252 coena,
892 3211 897 3226 ·

716 3455 740 3507 ὁ,
