2275 3550
116 203 148 250 50
391 203 547 253 HORATII
564 202 697 253 FLAOOI

254 283 347 338 Paene
363 287 521 352 occupatam
540 283 722 338 seditionibus

254 359 365 415 Delevit
382 356 494 417 Urbem
507 355 599 412 Dacus
616 363 646 413 et
665 359 809 427 Aethiops,

289 432 345 489 Hic
362 433 448 487 classe
464 433 637 502 formidatus,
654 434 701 489 illc
949 452 972 492 15

322 507 475 563 Missilibus
492 510 591 563 melior
608 511 723 579 sagittis.

254 584 383 640 Fecunda
400 585 497 654 culpae
514 585 607 639 secula
623 587 735 656 nuptias

253 659 377 716 Pn'mum
394 661 573 731 inquinavero
591 666 621 716 ct
637 678 725 730 genus
742 665 772 717 et
789 662 901 728 domos3

289 736 351 791 Hoc
367 736 445 791 fonte
463 737 589 791 derivata
605 737 697 791 clades

302 834 304 839 ·
323 812 358 864 In
376 812 492 880 patriam
509 813 696 882 populumque
713 812 800 868 fluxit

244 885 347 963 ¹Motus
365 887 457 940 doceri
474 887 578 955 gaudet
597 886 705 941 Ionicos

253 962 367 1016 Matura
384 962 460 1030 virgo
478 966 508 1015 et
525 962 640 1030 fingitur
656 962 780 1030 antibus3

287 1037 352 1091 Jam
368 1053 441 1091 nunc
458 1041 489 1091 et
505 1034 625 1091 incestos
643 1054 751 1100 amores

322 1112 366 1166 De
382 1116 479 1167 tenero
497 1112 651 1166 meditatur
666 1113 769 1180 ungui:

254 1187 320 1242 Mox
333 1187 458 1256 juniores
475 1188 587 1257 quaerit
603 1187 744 1241 adulteros

254 1263 334 1317 Inter
350 1264 443 1318 mariti
460 1264 532 1330 vina,
550 1280 642 1332 neque
660 1262 739 1331 eligit

288 1338 340 1393 Oui
357 1338 443 1393 donet
459 1338 633 1407 impermissa
649 1338 751 1406 raptim

322 1413 430 1468 Gaudia
446 1414 597 1466 luminibus
613 1413 745 1478 remotis3

254 1486 310 1541 Sed
322 1487 401 1555 jussa
419 1504 510 1541 coram
527 1503 582 1539 non
600 1487 660 1540 sinc
678 1486 788 1541 consuo

254 1562 349 1630 Surgit
365 1563 472 1629 marito,
491 1577 541 1615 seu
557 1564 637 1614 vocat
654 1561 765 1615 institor

288 1637 344 1691 Seu
360 1637 438 1690 navis
456 1637 598 1704 Hispanae
614 1636 754 1703 magister,

322 1712 496 1767 Dedecorum
513 1712 652 1782 pretiosus
669 1714 786 1782 emptor.

254 1788 317 1843 Non
335 1789 379 1843 his
391 1789 525 1857 juventus
542 1792 604 1843 orta
621 1788 784 1859 parentibus
852 1813 855 1817 >
965 1791 968 1798 '

254 1864 356 1918 Infecit
372 1880 474 1934 aequor
491 1864 623 1932 sanguiue
642 1863 752 1932 Punico,

289 1939 479 2010 Pyrrhumque
497 1942 526 1994 et
543 1940 684 2008 ingentem
701 1939 802 1994 cecidit

323 2016 492 2070 Antiochum
511 2015 752 2085 Hannibalemque
769 2015 877 2080 dirum;

254 2089 309 2144 Sed
327 2091 491 2144 rusticorum
508 2091 630 2144 mascula
647 2092 782 2145 militum

228 2229 230 2232 v
254 2164 357 2232 Proles,
376 2164 492 2219 Sabelhs
510 2164 592 2218 docta
609 2165 746 2232 ligonibus

289 2239 409 2292 Versarc
425 2238 521 2306 glebas
538 2241 569 2291 et
586 2254 698 2292 seveiae

322 2313 423 2367 Matris
440 2313 477 2365 ad
494 2310 641 2365 arbitrium
660 2313 762 2366 recisos

255 2386 371 2442 Portuno
387 2388 483 2453 fustes,
501 2387 541 2439 sol
559 2386 607 2440 ubi
629 2387 762 2440 montium

255 2463 379 2519 Mutaret
395 2462 507 2515 umbras
524 2464 554 2515 et
566 2460 637 2530 juga
654 2461 780 2518 demeret

289 2537 384 2593 Bobus
400 2538 531 2605 fatigatis,
549 2538 666 2590 amicum

323 2612 442 2682 Tempus
458 2628 542 2680 agens
559 2611 679 2665 abeunte
696 2628 785 2666 curru

255 2687 393 2742 Damnosa
410 2687 478 2756 qnid
495 2704 550 2740 non
568 2686 708 2740 imminuit
725 2686 804 2743 diesi

256 2766 345 2818 Aetas
361 2767 507 2833 parentum
524 2761 605 2831 pejor
621 2761 679 2815 avis
697 2762 764 2816 tulit

289 2838 317 2894 N
318 2855 349 2892 os
365 2836 518 2906 nequiores,
535 2853 600 2890 mox
618 2836 732 2890 daturos

324 2912 486 2983 Progeniem
504 2911 680 2966 vitiosiorem

255 3135 330 3201 Qun>
346 3134 405 3203 fies,
424 3050 646 3203 Asten'ZJIquem
663 3133 715 3188 tibi
732 3131 844 3189 candidi

255 3209 348 3266 Primo
365 3210 515 3266 restituent
531 3225 598 3264 vere
616 3209 728 3263 Favonii
