2275 3550
128 194 144 240 4
404 186 556 238 HORATII
574 190 704 238 FLACCI

299 274 354 337 Qui
371 270 442 325 vidit
458 286 536 325 mare
552 270 695 338 turgidum
712 277 743 327 et

265 347 386 402 Infames
404 345 528 414 scopulos
547 347 768 404 Acroceraunial
955 364 979 404 ao
1015 371 1020 379 ·

299 423 325 475 N
328 421 491 491 equiequam
509 421 579 475 deus
597 421 715 476 abscidit

265 497 391 552 Prudens
409 499 518 551 Oceano
537 497 702 551 dissociabili

299 573 398 627 Terras
415 573 439 627 si
456 576 551 627 tamen
568 573 669 641 impiae

263 650 290 704 N
291 666 326 703 on
343 649 484 719 tangenda
499 653 575 704 rates
593 650 750 703 transiliunt
767 651 844 706 vada.

299 725 402 781 Audax
419 726 510 780 omnia
527 726 636 795 perpeti
955 738 981 777 25

263 801 338 856 Gens
355 802 475 856 humana
491 802 549 857 ruit
566 818 618 870 per
634 802 751 856 vetitum
766 800 848 863 nefas.

297 877 400 932 Audax
419 877 509 946 Inpeti
526 892 614 945 genus

262 952 359 1021 Ignem
376 953 475 1012 fraude
492 952 564 1006 mala
580 951 710 1019 gentibus
727 951 828 1009 intulit.

297 1028 364 1083 Post
380 1029 473 1097 ignem
489 1027 614 1081 aetheria
631 1027 713 1081 domo

262 1102 434 1158 Subductum
451 1103 553 1158 macies
571 1107 601 1157 et
617 1101 822 1157 novassfebrinm

295 1178 387 1233 'lenis
404 1178 530 1233 incubuit
547 1179 651 1246 cohors,
708 1191 713 1198 ·

261 1252 422 1323 Semotique
439 1254 515 1322 prius
533 1253 616 1307 tarda
632 1251 782 1307 necessitas

295 1329 358 1383 Leti
375 1329 508 1398 corripuit
524 1328 652 1397 madum.

259 1402 399 1471 Expertus
416 1420 532 1458 vacuum
550 1404 692 1458 Daedalus
708 1409 775 1457 aera

295 1480 395 1533 Pennis
412 1496 467 1533 non
484 1479 587 1532 homini
605 1479 695 1543 datis3

260 1553 392 1624 Perrupit
410 1555 569 1610 Acheronta
587 1554 741 1608 Herculeus
757 1553 842 1612 labor.

294 1630 342 1685 Nil
359 1630 521 1686 mortalibus
538 1629 618 1684 ardui
636 1633 696 1695 est3

261 1705 376 1762 Caelum
393 1706 483 1776 ipsum
500 1706 620 1776 petimus
638 1698 764 1776 stultitia,
781 1723 871 1778 neque

293 1783 348 1837 Per
364 1787 488 1837 nostrum
506 1783 628 1852 patimur
645 1783 734 1837 scelus

258 1857 395 1913 Iracundu
412 1857 431 1912 J
434 1872 512 1913 ovem
529 1874 632 1928 ponere
648 1857 769 1913 fulmina

521 1999 574 2056 IV.

118 2078 259 2135 Sonvrrun
275 2081 347 2136 acris
363 2082 453 2138 hiems
470 2087 551 2152 grata
567 2082 629 2137 vice
646 2082 719 2137 veris
736 2085 768 2138 et
784 2082 894 2153 Favoni,

152 2155 332 2225 Trahuntquc
349 2158 434 2212 siccas
451 2158 594 2212 machinae
611 2158 726 2226 carinas,

119 2230 161 2284 Ac
177 2247 268 2300 neque
280 2231 342 2299 jam
359 2231 475 2288 stabulis
492 2232 597 2300 gaudet
609 2248 699 2318 pecus
716 2235 766 2285 aut
782 2232 901 2288 arator
892 2234 964 2302 rgni3

152 2306 178 2358 N
181 2322 212 2361 ec
228 2310 308 2374 prata
326 2306 400 2360 canis
417 2307 538 2360 albicant
554 2306 667 2374 pruinis.

117 2380 182 2435 Jam
192 2381 342 2451 Cytherea
353 2382 450 2436 choros
468 2382 544 2436 ducit
562 2381 658 2435 Venus
674 2381 834 2439 imminente
851 2383 937 2453 Luna,
960 2400 973 2440 a

151 2456 171 2510 J
174 2462 327 2527 auctaeque
343 2458 370 2512 N
372 2457 479 2527 ymphrs
497 2457 575 2512 Grat
554 2460 611 2511 trae
629 2456 759 2512 decentes

117 2533 233 2588 Alterno
251 2536 355 2588 terram
373 2534 501 2603 quatiunt
519 2532 600 2602 pede,
618 2532 685 2606 dum
702 2549 800 2602 graves
818 2533 963 2604 Cyclopum

152 2609 290 2664 Vulcanus
307 2609 407 2664 ardeus
424 2609 482 2663 urit
499 2608 627 2663 officinas.

116 2683 197 2739 Nunc
214 2684 296 2741 decet
312 2688 362 2741 aut
378 2685 460 2739 viridi
476 2684 597 2739 nitidum
614 2685 696 2754 eaput
713 2683 847 2753 impedire
863 2688 954 2753 myrto

150 2761 211 2815 Aut
227 2760 295 2816 flore
312 2764 404 2815 torrae
421 2777 505 2831 quem
522 2761 616 2815 ferunt
633 2761 746 2815 solutae.
949 2780 971 2819 n
1056 2763 1060 2770 ’

113 2837 197 2892 Nunc
213 2836 289 2891 etin
306 2836 442 2890 umbrosis
461 2836 555 2890 Fauno
573 2836 655 2890 decet
671 2835 812 2891 immolare
828 2835 906 2893 lucis

151 2913 206 2967 Seu
222 2915 318 2981 poscat
335 2927 432 2981 agnam
450 2911 509 2966 sive
525 2911 605 2966 malit
622 2910 748 2965 haedum.

115 2989 223 3044 Pallida
239 2988 317 3043 Mors
333 3004 421 3060 aequo
438 2988 531 3056 pulsat
547 2988 620 3058 pede
636 3004 789 3058 pauperum
806 2987 934 3044 tabernas

150 3064 312 3133 Regnmque
328 3068 427 3120 turres
462 3063 487 3117 0
504 3063 588 3120 beate
605 3065 687 3133 Sesti,

116 3139 198 3196 Vitao
210 3155 315 3193 summa
326 3139 417 3194 brevis
426 3157 504 3209 spem
512 3145 647 3196 nosvetat
654 3141 783 3198 inchoare
793 3141 910 3209 longam.
943 3151 964 3190 1⁵

118 3206 214 3270 Jam
230 3217 261 3270 te
277 3220 387 3287 premet
403 3231 458 3269 nox
476 3214 639 3287 fabulaeque
655 3217 753 3275 Manes
