2275 3550
407 207 612 258 CARMINUM
627 207 681 257 111.
701 209 739 256 16.
968 207 998 256 57

287 291 347 346 Neo
362 288 412 344 ilos
428 305 584 359 purpureus
600 305 680 343 rosae
977 301 1002 344 1³

321 364 349 418 N
350 381 381 419 ec
398 365 457 433 poti
473 365 593 419 vetulam
611 364 686 417 faece
705 365 785 416 tenus
801 363 870 418 cadi

535 507 615 561 XVI.

288 587 433 643 Iucnossu
451 588 565 643 Danaen
582 589 668 644 turris
685 592 770 642 aenea

288 663 483 732 Robustaeque
500 664 574 719 fores
591 667 620 718 et
637 663 749 731 vigilum
766 677 864 716 mnum

288 738 393 795 'histos
410 738 540 793 excubiae
557 738 714 792 munierant
730 737 797 793 satis

323 812 472 867 Nocturnis
488 813 524 867 ab
541 813 682 881 adulteris,
778 868 783 891 Ι

288 887 319 943 si
335 904 389 941 non
407 888 545 942 Acrisium
563 889 675 956 virginis
692 887 804 942 abditae
828 907 839 919 ·
992 903 1006 943 s

290 963 439 1018 Custodem
456 964 585 1031 pavidum
602 964 733 1032 Juppiter
750 968 780 1018 et
796 963 892 1017 Venus

290 1038 433 1107 Risissent,
452 1040 511 1094 fore
528 1039 601 1093 euim
618 1044 710 1094 tutum
725 1040 781 1093 iter
797 1042 826 1092 et
842 1041 940 1107 patens

325 1113 460 1169 converso
477 1115 506 1168 in
523 1115 643 1184 pretium
661 1115 721 1168 deo.

292 1188 399 1242 Aurum
415 1207 467 1259 per
482 1188 589 1243 medios
605 1190 647 1242 ire
664 1187 797 1243 satellites

291 1263 330 1317 llt
344 1280 523 1333 perrumpere
539 1266 615 1318 amat
632 1280 697 1317 saxa
713 1260 855 1332 potentius
980 1274 1003 1315 ro

292 1337 355 1392 Ictu
372 1338 515 1394 fulminco:
532 1338 652 1394 concidit
669 1337 781 1407 anginis

326 1414 423 1482 Argu
440 1414 537 1468 domus
554 1415 591 1468 ob
608 1414 714 1484 lucrum

292 1488 425 1543 Demersa
442 1490 541 1555 exiti03
559 1490 661 1545 diffidit
677 1489 786 1543 urbium

293 1563 391 1618 Portas
407 1564 449 1618 rir
467 1565 583 1619 Macedo
600 1570 630 1620 et
647 1564 755 1619 subruit
772 1563 892 1618 aemulos

293 1636 384 1707 Reges
400 1639 572 1706 muneribus;
589 1657 702 1694 munera
719 1639 828 1693 navium
984 1652 1006 1691 ιε

327 1714 428 1768 Saevos
445 1716 594 1785 illaqueant
612 1715 701 1770 duces.

294 1790 468 1844 Crescentem
487 1792 611 1861 sequitur
628 1809 694 1845 cura
710 1791 854 1860 pecuniam

294 1865 487 1934 Majorumque
505 1867 599 1919 fames.
634 1866 704 1919 Jure
720 1864 863 1934 perhorrui

294 1938 365 1993 Late
381 1941 554 2008 conspicuum
571 1940 669 1993 tollere
686 1939 825 2005 verticem,

328 2015 479 2080 Maecenas,
497 2014 622 2084 equitum
640 2015 731 2068 decus.
982 2029 1008 2068 ao

295 2089 537 2158 Quantosquiaque
556 2089 608 2143 sibi
625 2090 705 2159 plura
720 2090 870 2159 negaverit,

295 2165 341 2220 Ab
358 2165 402 2219 dis
418 2165 497 2234 plura
513 2165 600 2220 ieret:
618 2166 657 2219 nil
675 2166 844 2234 cupientium

293 2240 392 2295 Nudus
409 2244 500 2295 castra
515 2244 582 2309 peto
599 2243 629 2296 ct
646 2241 788 2310 transfuga
805 2241 922 2296 divitum

314 2316 426 2371 ·Partes
442 2317 566 2385 linquere
585 2317 681 2384 gestio,

294 2391 474 2462 Contemptae
491 2392 617 2446 domiuus
635 2391 802 2461 splendidior
817 2397 868 2459 rei3
985 2408 1007 2444 ³⁵

294 2467 382 2532 Quam
399 2468 423 2521 si
440 2467 576 2538 quidquid
594 2472 655 2522 arat
671 2468 787 2536 impiger
805 2467 913 2534 Apulus

294 2541 440 2597 Occultare
457 2543 525 2596 meis
543 2542 650 2596 dicerer
666 2542 779 2609 horreis,

328 2617 442 2686 Magnas
459 2617 533 2671 inter
549 2633 616 2686 opes
633 2617 720 2685 inops.

294 2691 477 2760 Parae-rivus
494 2709 583 2762 aquae
602 2692 723 2762 silvaque
737 2691 868 2760 jugerum

296 2766 449 2822 Paucorum
466 2771 496 2822 et
512 2768 616 2836 segetis
633 2773 711 2822 certa
727 2767 797 2821 fides
813 2782 892 2821 meae
981 2780 1006 2820 eo

294 2841 456 2911 Fulgentcm
473 2843 589 2912 imperio
606 2842 704 2896 fertilis
722 2842 834 2897 Africae

328 2917 413 2971 Fallit
429 2922 504 2972 sorte
521 2918 636 2972 beatior.

294 2991 464 3061 Quamquam
480 3009 531 3048 nec
548 2993 682 3047 Calabrae
698 2992 781 3048 mella
796 2993 890 3045 ferunt
906 3006 971 3059 apes

294 3067 321 3120 N
322 3082 354 3122 eo
371 3067 564 3137 Laestrygonia
583 3069 706 3122 Bacchus
723 3069 752 3120 iu
769 3065 899 3135 amphora

294 3141 459 3210 Languescit
475 3142 543 3195 mihi
559 3159 611 3196 nec
627 3143 739 3211 pinguis
756 3141 867 3195 Gallicis
982 3153 1006 3194 25

329 3215 465 3274 Crescunt
480 3215 583 3270 vellera
600 3219 713 3284 pascum,
