2275 3550
115 153 204 248 23¹.

392 199 547 249 HORA'FII
563 200 694 251 FLAGOI

291 281 337 336 Ab
354 280 482 335 insolenti
499 284 680 349 temperatam

324 357 449 424 Laetitia,
468 356 599 410 moriture
617 357 696 426 Delli,

255 432 311 489 Seu
327 436 448 487 maestus
466 432 539 486 omni
555 437 680 501 tempore
697 433 805 501 vixeris,
954 448 967 490 t

255 508 310 564 Seu
327 512 357 562 te
374 509 403 562 in
420 511 526 562 remoto
542 509 666 576 gramine
682 526 733 576 per
750 509 810 563 dies

288 584 386 638 Festos
403 584 563 637 reclinatum
581 584 672 638 bearis

214 714 216 717 ,
310 659 459 714 Interiora
475 663 540 714 nota
558 660 674 715 Falerni.

255 733 413 804 Qnopinus
431 736 525 804 ingens
544 735 661 805 albaque
678 716 794 805 populus

253 810 386 865 Umbram
403 811 565 879 hospitalem
583 812 736 865 consociare
753 813 847 866 amant
944 826 967 867 lo

246 950 249 953 ¹
288 886 402 941 Ramisi
438 886 511 950 Quid
529 887 638 956 obliquo
656 886 763 941 laborat

322 961 444 1030 Lympha
461 962 544 1030 fugax
561 962 702 1031 trepidare
719 962 797 1016 rivoi
888 963 897 980 ⁴

254 1037 317 1092 Hue
334 1038 395 1091 vina
412 1043 442 1092 et
461 1042 597 1106 unguenta
615 1041 644 1092 et
660 1037 774 1091 nimium
792 1037 890 1091 breves

253 1114 347 1168 Floras
365 1130 494 1167 amoenae
511 1114 583 1167 ferre
597 1113 667 1181 jube
684 1130 770 1183 rosae,

286 1190 359 1243 Dum
377 1207 421 1244 res
438 1193 468 1243 et
485 1193 560 1243 aetas
578 1193 607 1243 et
624 1205 745 1243 sororum
943 1204 966 1246 15

321 1266 381 1319 Fila
398 1266 481 1320 trium
499 1266 642 1334 patiuntur
658 1267 726 1320 atra
744 1316 745 1321 ,

251 1340 341 1395 Codes
358 1341 489 1409 oo‘dmptis
507 1341 621 1395 saltibus
638 1345 668 1396 ot
685 1340 766 1395 domo

252 1417 378 1485 Villaque
396 1417 481 1470 flavus
499 1433 581 1485 quam
599 1416 705 1469 Tiberis
722 1417 796 1483 lavit,

286 1492 375 1546 (ledes
393 1497 421 1546 et
439 1491 586 1545 exstructis
603 1492 632 1544 in
649 1491 736 1545 altum

319 1566 429 1621 Divitiis
446 1567 565 1635 potietur
583 1566 672 1621 heres.
939 1584 963 1623 au

251 1642 370 1696 Divesne
387 1643 476 1711 priseo
493 1644 575 1695 natus
592 1642 627 1695 ab
647 1642 749 1696 Inaeho

249 1718 297 1774 Nil
313 1718 429 1774 interest
446 1734 480 1771 an
497 1733 602 1787 pauper
620 1720 649 1782 et
665 1716 759 1771 infima

284 1795 328 1848 De
345 1800 426 1863 gente
445 1795 495 1848 sub
513 1794 576 1847 divo
594 1796 716 1863 moreris,

318 1871 439 1925 Victima
456 1870 493 1922 nil
511 1870 666 1925 miserantis
684 1870 755 1926 Oroi.

250 1946 353 2000 Omnes
370 1946 467 2000 eodem
485 1946 613 2013 cogimur,
632 1947 752 2001 omnium
937 1962 963 2005 π

251 2022 385 2076 Versatur
401 2039 470 2076 urna
488 2022 574 2076 serius
592 2022 666 2077 oeius
729 2054 732 2060 ·

283 2097 348 2153 Sors
366 2098 474 2152 exitura
491 2102 520 2151 et
537 2114 587 2151 nos
603 2098 633 2150 in
650 2101 792 2152 aeternum

318 2172 437 2225 Exilium
454 2172 617 2241 impositura
634 2173 755 2227 cumbae.

509 2311 560 2365 IV.

247 2396 294 2451 Nn
312 2396 349 2449 sit
365 2393 478 2448 ancillae
495 2393 547 2448 tibi
565 2411 642 2447 amor
657 2394 764 2462 pudori,

247 2471 368 2525 Xanthia
387 2470 512 2523 Phoceu!
550 2469 631 2523 Prius
647 2470 807 2525 insolentem

247 2546 332 2601 Serva
350 2545 452 2598 Briseis
469 2545 548 2599 niveo
566 2544 655 2599 colore
686 2563 688 2567 ·

282 2620 370 2674 Movit
389 2620 539 2684 Achillem3

247 2696 336 2751 Movit
353 2695 468 2764 Ajacem
486 2695 632 2750 Telamone
648 2700 744 2751 natum

247 2771 347 2827 Forma
364 2771 487 2839 captivae
505 2771 645 2825 dominum
663 2772 837 2839 Tecmessam

246 2848 326 2903 Arsit
344 2846 458 2901 Atrides
475 2848 566 2901 medio
583 2848 613 2901 in
629 2848 768 2917 triumpho

281 2923 396 2992 Virgine
412 2926 501 2992 rapta,

246 2998 385 3055 Barbarae
402 3003 548 3069 postquam
566 3000 688 3055 cecidere
705 3004 812 3055 tunnas

246 3075 375 3129 'l'hessalo
392 3076 495 3130 victore
512 3078 543 3129 et
560 3076 705 3144 ademptus
724 3077 830 3131 Hector
935 3088 959 3131 ιο

246 3151 373 3206 Tradidit
390 3151 469 3206 fessis
485 3151 588 3205 leviora
604 3151 663 3206 tolli

281 3226 416 3297 Pergama
432 3226 519 3283 Grais
