2275 3550
412 200 629 250 SATIRARUM
646 201 684 250 H.
704 204 726 251 3.
950 199 996 248 143

142 282 221 337 Illud
237 283 311 337 idem
326 282 355 336 in
372 282 500 350 rapidum
517 282 618 336 flumen
633 281 775 349 jaceretre
792 281 927 339 cloacaml

142 358 240 422 Quinti
258 359 401 427 progenies
419 359 493 426 Arri,
511 375 562 427 par
578 358 670 412 nobile
687 358 811 426 fratrum,

141 434 277 502 Nequitia
294 439 323 488 et
339 434 419 502 nugis
437 450 583 502 pravorum
601 439 631 488 et
648 448 740 487 amore
757 435 910 501 gemellum,

142 510 284 564 Luscinias
303 510 516 578 soliti'impenso
533 510 670 578 prandere
687 513 832 578 coemptas,
958 522 995 563 545

107 575 281 667 NQuorsum
299 574 517 661 abeantltSanin
535 589 618 652 creta,
635 602 671 639 an
689 585 806 640 carbone
822 585 951 641 notandi?

143 662 302 716 Aedificare
319 678 403 729 casas,
420 661 546 729 plostello
564 661 714 729 adjungere
732 679 831 729 mures,

142 736 254 792 Ludere
270 754 322 808 par
339 739 433 805 impar,
452 737 577 804 equitare
594 736 623 789 in
641 737 774 790 arundine
791 737 879 804 longa,

142 812 172 866 si
191 831 273 883 quem
291 814 410 867 delectet
427 813 573 866 barbatum
591 813 711 866 amentia
727 811 827 866 verset

142 888 173 942 si
190 888 322 957 puerilius
338 889 381 942 his
398 889 469 942 ratio
487 889 672 942 esseevineet
689 904 788 954 amare,
959 902 995 942 250

80 989 83 994 ·
141 964 170 1018 N
171 980 203 1019 ee
220 966 370 1035 quidquam
388 965 499 1019 differre
516 967 646 1018 utrumne
663 965 692 1016 in
712 965 825 1032 pulvere
843 963 942 1018 trimus

143 1040 230 1104 Quale
246 1042 322 1110 prius
339 1041 418 1094 ludas
436 1057 511 1108 opus,
530 1057 565 1093 an
583 1040 735 1093 meretricis
753 1054 845 1093 amore

143 1116 281 1170 Sollicitus
297 1117 397 1185 plores,
416 1133 518 1185 quaero
534 1116 653 1168 faciasne
671 1114 746 1182 quod
763 1115 829 1168 olim

142 1192 270 1245 Mutatus
288 1192 431 1245 Polemoul
448 1206 534 1258 ponas
550 1191 669 1257 iusignia
685 1189 782 1256 morbi,

143 1266 288 1334 Fasciolas,
306 1266 416 1333 cubital,
432 1266 536 1332 focalia,
554 1269 636 1333 potus
653 1267 686 1318 ut
703 1265 750 1317 ille
961 1279 996 1318 555

142 1341 252 1395 Dicitur
270 1359 305 1395 ex
322 1340 391 1396 collo
408 1341 504 1394 furtim
523 1341 656 1408 carpsisse
675 1355 788 1394 coronas

65 1465 68 1470 .
143 1417 294 1485 Postquam
312 1420 355 1470 est
371 1415 502 1484 impransi
519 1419 661 1484 correptus
678 1432 744 1470 voce
761 1414 902 1484 magistril

143 1492 264 1561 Porrigis
282 1493 352 1547 irato
369 1508 455 1560 puero
472 1508 534 1545 cum
551 1507 633 1558 poma
649 1495 770 1547 recusat:
898 1512 901 1516 “

143 1568 234 1637 Sume,
252 1568 363 1623 catellel
382 1571 466 1635 negat
472 1587 480 1632 3
498 1567 522 1620 si
540 1584 595 1620 non
613 1568 664 1621 des
681 1572 772 1637 optet:
790 1570 898 1622 amator

143 1643 276 1698 Exclusus
293 1644 341 1713 qui
359 1643 445 1697 distat
464 1643 522 1711 agit
538 1642 587 1696 ubi
606 1660 698 1696 secum
716 1647 762 1698 eat
778 1660 813 1697 an
831 1660 887 1697 uon
963 1660 997 1696 :oo

144 1719 204 1784 Quo
215 1721 360 1775 rediturus
378 1722 439 1774 crat
455 1735 510 1773 non
527 1719 680 1782 arcessitus,
698 1723 728 1774 et
744 1719 842 1773 haeret

143 1796 244 1862 Invisis
260 1796 378 1850 foribusl
397 1795 469 1848 ‘Nee
487 1811 559 1847 nuuc
576 1792 638 1847 cum
656 1811 701 1847 me
718 1798 798 1847 vocat
813 1795 887 1849 ultro

144 1872 299 1925 Accedam?
318 1888 353 1924 au
370 1870 463 1937 potius
480 1869 600 1922 mediter
617 1870 696 1922 finire
715 1869 850 1942 doloresll

144 1946 283 2011 Exclusit;
300 1948 423 1999 revocat:
442 1944 572 1997 redeam?
608 1942 635 1995 N
636 1959 672 1996 on
690 1942 715 1996 si
731 1942 870 1997 obsecret?
906 1944 978 1998 Ecce
1038 1953 1041 1958 ’

144 2021 246 2076 Servus
262 2036 317 2073 non
334 2019 414 2088 paulo
432 2019 596 2086 sapientior:
633 2016 668 2071 ‘O
686 2017 761 2085 here,
781 2034 914 2085 quaeres
960 2036 996 2075 555

144 2098 171 2153 N
172 2113 205 2151 ec
221 2097 333 2151 modum
350 2094 541 2163 habeturque
558 2093 700 2148 eonsilium
716 2093 822 2148 ratione
839 2094 976 2163 modoque

144 2173 267 2229 'Praeteri
284 2189 338 2227 non
355 2171 421 2225 vult.
458 2170 493 2223 In
510 2186 602 2223 amore
620 2169 687 2223 haec
701 2172 765 2224 sunt
782 2170 861 2238 mala,
875 2169 987 2240 bellum,

145 2251 203 2305 Pax
221 2265 343 2304 rursum:
360 2247 427 2300 baec
445 2246 468 2299 si
487 2245 548 2313 quis
566 2246 739 2313 tempestatis
755 2262 841 2315 prope
857 2247 913 2301 ritu

145 2325 258 2380 Mobilis
276 2326 306 2378 55
323 2339 404 2378 caeca
421 2321 557 2375 fluitantia
575 2324 649 2375 sorte
669 2320 777 2376 laboret

71 2463 76 2470 ¹
146 2401 274 2456 Reddere
292 2402 368 2454 certa
386 2397 445 2464 sibi,
465 2396 548 2450 nihilo
566 2396 628 2465 plus
646 2397 766 2465 explicet
782 2414 815 2452 ac
831 2397 856 2453 si
959 2415 996 2455 cro

146 2478 269 2531 insanire
285 2478 365 2545 paret
383 2477 459 2527 certa
477 2472 585 2526 ratione
602 2472 752 2541 modoque?

146 2552 225 2620 Qud,
243 2568 305 2606 cum
323 2550 430 2604 Picenis
448 2564 597 2616 excerpens
615 2549 719 2602 semina
735 2548 823 2617 pomis

146 2629 255 2683 Gaudes
273 2626 297 2680 si
314 2641 450 2681 eameram
467 2623 589 2693 percusti
605 2623 685 2691 forte,
704 2641 788 2692 penes
805 2629 835 2679 te
846 2628 894 2682 esl

147 2704 305 2770 Quid‚'cum
322 2700 404 2754 balba
421 2701 487 2753 feris
505 2715 607 2753 annoso
623 2699 708 2753 verba
724 2701 823 2769 palato,

146 2778 319 2833 Aedificante
337 2792 414 2830 casas
431 2775 479 2844 qui
496 2774 605 2829 saniort
640 2774 723 2828 Adde
741 2792 864 2830 cruorem
959 2796 994 2833 275

146 2854 287 2910 Stultitiae
299 2855 383 2919 atque
395 2851 486 2919 ignem
500 2849 592 2918 gladio
604 2854 733 2904 scrutare.
769 2851 861 2919 Modo,
874 2852 992 2921 iuquam,

119 2938 122 2945 '
146 2928 264 2984 Hellade
281 2942 410 2995 percussa
426 2925 531 2978 Marius
548 2941 611 2979 cum
627 2925 792 2994 praecipitat
808 2943 838 2980 se
854 2923 859 2931 '

147 3005 270 3061 Gerritus
286 3002 348 3069 fuit,
365 3018 401 3055 au
418 3004 568 3055 commotae
586 3001 699 3054 crimine
716 3002 817 3054 urentis
943 3058 945 3060 p

147 3081 280 3136 Absolves
297 3078 435 3131 homiuem
452 3079 482 3131 et
499 3076 609 3130 sceleris
627 3076 768 3129 damnabis
786 3076 912 3147 eundem,

146 3156 186 3211 Ex
203 3172 280 3211 more
297 3154 441 3222 imponens
458 3156 574 3220 cognata
591 3152 721 3204 vocabula
737 3151 837 3207 rebusl
958 3168 993 3206 sse

146 3232 301 3288 Libertinus
319 3232 386 3298 erat,
405 3228 453 3296 qui
470 3229 572 3281 circum
589 3228 708 3295 compita
724 3227 812 3282 siccus
