2275 3550
413 209 670 257 EPISTOLARUM
686 209 708 256 Ι,
729 211 766 258 12.
969 210 1015 259 173

166 293 241 347 Dum
257 292 323 347 licet
340 308 372 347 ac
388 290 494 344 vultum
512 292 605 343 servat
623 288 747 346 Fortuna
764 283 920 359 benignum,
992 306 1017 346 rt

167 368 272 422 Romae
288 359 417 422 laudetur
435 365 529 420 Samos
546 369 577 420 et
595 365 677 419 Chios
695 367 725 419 et
746 365 859 420 Rhodos
876 367 982 421 absens

167 445 209 499 'ln
225 458 415 513 quameunque
433 442 501 495 deus
519 441 571 495 tibi
588 441 769 495 fortunaverit
785 441 881 495 horam

167 520 254 574 Grata
272 536 348 573 sume
365 534 455 585 manu,
473 534 527 571 neu
545 517 635 570 dulcia
652 516 733 570 differ
749 516 778 569 in
796 533 904 585 anuum,

166 595 207 648 Ut
225 610 386 665 quoeunque
403 588 462 646 loeo
478 592 563 647 fueris
582 593 682 646 vixisse
699 592 818 646 libenter

167 670 205 725 'l'e
223 671 313 735 dieas;
330 685 393 722 nam
411 667 434 722 si
452 668 524 721 ratio
541 670 571 721 et
587 668 735 736 prudentia
751 685 838 737 curas,
919 703 928 726 ,
964 669 969 676 ’
994 684 1019 724 aa

166 746 230 800 Non
247 746 322 799 loeus
340 744 418 799 effusi
433 744 490 798 late
508 745 592 797 maris
609 743 714 797 arbiter
731 745 830 812 aufert,

167 822 279 876 Caelum
296 838 350 875 non
368 821 487 874 animum
505 823 616 873 mutant
633 820 679 888 qui
697 824 774 873 trans
791 836 867 874 mare
885 823 1006 874 currunt.

166 898 285 952 Strenua
301 913 351 951 nos
369 904 479 951 exercet
492 896 609 949 inertia:
627 894 743 949 navibus
760 899 846 964 atque

167 974 312 1041 Quadrigis
329 974 449 1041 petimus
466 973 537 1026 bene
555 972 653 1025 vivere.
690 971 770 1036 Quod
787 972 860 1039 petis
877 971 922 1025 hic
940 975 990 1039 est,
1013 965 1018 974 ’

167 1049 218 1104 llst
234 1048 356 1116 Ulubris,
374 1050 481 1102 animus
498 1048 522 1101 si
539 1051 569 1102 to
586 1055 641 1101 non
659 1047 754 1101 deficit
771 1063 882 1116 aequus.
995 1064 1019 1103 ao

165 1275 329 1330 Faucrmus
347 1272 486 1342 Agrippae
504 1271 602 1327 Siculis
619 1288 688 1341 quos
704 1272 817 1344 colligis,
835 1272 900 1343 Ioci,

168 1353 198 1406 Si
216 1356 291 1406 reete
307 1350 407 1403 frueris
424 1365 478 1402 non
495 1352 539 1402 est
555 1352 588 1401 ut
605 1350 683 1416 eopia
700 1349 789 1417 major

168 1428 215 1481 Ab
233 1427 304 1481 Jove
323 1425 419 1479 donari
436 1425 524 1494 possit
540 1424 601 1478 tibi.
635 1424 710 1478 Tolle
728 1425 878 1493 querelas3·⁴

167 1504 277 1572 Pauper
294 1503 367 1556 enim
385 1518 439 1555 non
456 1504 501 1555 est
517 1501 561 1555 eui
580 1517 671 1555 rerum
689 1501 813 1570 suppetit
830 1499 903 1555 usus.

167 1580 197 1634 Si
216 1579 305 1633 ventri
322 1577 399 1646 bene,
417 1577 440 1630 si
457 1576 538 1630 lateri
557 1581 600 1630 ost
617 1576 790 1644 pedibusque
806 1577 870 1645 tuis,
889 1575 929 1631 nil
982 1593 1020 1649 Νιι

167 1654 288 1709 Divitiae
304 1656 436 1723 poterunt
453 1653 560 1720 regales
577 1652 682 1706 addere
699 1653 796 1720 majus.

167 1730 197 1785 Si
214 1727 286 1786 forte
302 1731 332 1784 in
350 1728 440 1784 medio
457 1729 609 1797 positorum
626 1728 776 1783 abstemius
793 1726 889 1782 herbis

119 1823 133 1846 0
167 1806 245 1860 Vivis
261 1810 290 1861 et
307 1807 403 1872 urtica,
421 1804 460 1857 sic
476 1804 551 1857 rives
568 1804 694 1871 protinus
711 1807 744 1857 ut
761 1808 791 1857 te

168 1881 318 1936 Confestim
335 1879 457 1949 liquidus
475 1879 613 1932 Fortunae
631 1880 705 1932 rium
723 1879 832 1932 inauret
837 1898 846 1945 3

167 1957 221 2012 Vel
238 1959 303 2028 quia
320 1960 446 2010 naturam
464 1958 572 2007 mutare
590 1954 706 2022 pecunia
722 1955 818 2021 nescit,
997 1968 1021 2008 10
1064 2011 1066 2013 ,

168 2033 221 2087 Vel
239 2035 303 2103 quia
319 2035 417 2086 cuneta
433 2034 514 2099 putas
530 2046 586 2082 una
603 2030 705 2083 virtute
723 2031 835 2082 minora

168 2108 301 2163 Miramur
318 2108 341 2161 si
359 2106 509 2159 Democriti
526 2121 610 2175 pecus
628 2106 686 2158 edit
703 2105 805 2172 agellos

169 2185 303 2254 Cultaque
320 2184 386 2237 dum
403 2198 518 2251 peregre
535 2185 579 2235 est
595 2181 701 2234 aninrus
719 2182 778 2234 sine
795 2178 1019 2250 corpereve1013

169 2261 238 2315 Cum
255 2264 288 2315 tu
304 2260 378 2313 inter
395 2257 513 2311 scabiem
530 2260 636 2310 tantam
655 2262 685 2310 et
701 2256 826 2324 contagia
843 2256 912 2309 lucri

167 2337 195 2391 N
196 2338 215 2391 il
232 2353 346 2407 parvum
363 2335 453 2403 sapias
470 2336 499 2387 et
516 2333 606 2387 adhuc
624 2333 749 2386 sumeia
767 2349 857 2386 eures:
997 2347 1020 2388 1⁵

169 2414 245 2478 Quae
262 2429 337 2466 mare
355 2413 526 2479 compescant
543 2425 646 2475 canisae,
666 2408 734 2479 quid
750 2411 889 2477 temperet
909 2424 1018 2478 annum

168 2489 269 2544 Stellae
287 2491 385 2558 sponte
403 2502 452 2540 sua
464 2485 594 2554 jussaene
611 2488 746 2552 vagentur
763 2489 792 2538 et
810 2488 910 2550 errent,

169 2565 241 2629 Quid
258 2567 365 2634 premat
382 2562 526 2616 obscurum
545 2560 633 2630 lunae,
651 2561 718 2629 quid
735 2561 857 2630 proferat
874 2559 976 2625 orbem,

169 2641 241 2706 Quid
258 2639 325 2694 velit
342 2642 371 2693 et
388 2638 476 2707 possit
492 2653 586 2690 rerum
604 2636 748 2689 eoncordia
765 2635 877 2702 discors
973 2651 976 2656 ·

167 2716 347 2787 Empedocles
364 2731 399 2768 an
417 2714 501 2768 Stert
482 2714 579 2767 tinium
597 2712 697 2767 deliret
714 2729 835 2766 acumen
971 2767 975 2774 ,
996 2727 1020 2765 ae

167 2792 273 2848 Verum
291 2809 340 2846 seu
355 2791 443 2859 pisces
461 2805 510 2842 seu
526 2804 638 2876 porrum
655 2792 685 2842 et
701 2804 784 2856 caepe
800 2786 923 2841 trucidas

166 2869 254 2925 Utere
273 2867 402 2936 Pompeio
420 2864 551 2952 Grospho,
569 2864 640 2917 etsi
658 2862 725 2932 quid
741 2868 818 2931 petet
835 2862 909 2916 ultro

167 2944 268 3011 Defer3
285 2944 324 2997 nil
342 2941 484 3010 Grosphus
501 2940 554 2992 nisi
572 2955 667 2992 verum
685 2939 775 2992 orabit
792 2943 822 2991 et
839 2926 963 3005 aequuin.

166 3021 238 3074 Vilis
255 3020 403 3074 amicorum
422 3020 465 3070 cst
482 3031 589 3069 annona
606 3014 685 3067 bonis
702 3013 751 3067 ubi
768 3013 837 3082 quid
854 3012 939 3065 deest.

166 3097 193 3151 N
194 3114 210 3150 e
227 3095 345 3152 tamen
337 3109 446 3163 ignores
464 3109 518 3161 quo
536 3092 573 3145 sit
591 3090 714 3143 Romana
730 3090 789 3143 loco
806 3105 864 3142 res:
994 3101 1019 3142 at

168 3172 305 3227 Cantaber
324 3169 472 3238 Agrippas,
492 3167 590 3222 Claudi
607 3167 710 3218 virtute
728 3164 846 3218 Neronis

168 3248 316 3303 Armenius
334 3244 449 3308 eeeidit;
463 3243 511 3312 jus
528 3241 727 3311 imperiumque
746 3238 889 3309 Phraates,
