2275 3550
125 196 154 245 36

397 192 552 242 HORATII
569 191 700 241 FLAOOI

262 271 380 327 Plutona
396 272 490 338 tauris,
509 272 557 340 qui
574 275 619 326 ter
636 271 757 341 amplum
868 280 882 329 'f

291 347 434 415 Geryonen
454 347 606 416 Tityonque
623 348 699 402 tristi

227 422 382 491 Compescit
398 422 480 490 unda,
498 423 602 477 scilicet
619 422 745 477 omnibus

227 498 387 566 Quicunque
405 502 496 552 terrae
513 515 628 554 munere
645 499 781 555 vescimur

260 573 443 641 Enaviganda,
461 573 519 628 sive
536 591 615 644 reges
649 592 652 597 ’

296 648 359 704 Sive
376 649 472 719 inopes
491 650 593 704 erimus
610 649 704 705 coloni.

227 724 343 779 Frustra
362 728 475 780 cruento
493 726 585 805 Marte
603 726 756 780 carebimus

226 799 387 869 Fractisque
404 801 479 855 rauci
497 801 625 855 fluctibus
637 801 775 868 Hadriae,

260 875 375 933 Frustra
391 893 442 946 per
458 880 618 930 auctumnos
635 880 779 930 nocentem

296 951 461 1020 Corporibus
478 956 633 1007 metuemus
651 952 801 1007 Austrum:

228 1026 367 1081 Visendus
384 1031 446 1082 ater
462 1027 574 1082 flumine
591 1027 721 1096 languido

228 1102 342 1172 Cocytos
359 1098 453 1160 ‚errans
471 1108 500 1158 et
518 1103 606 1157 Danai
624 1119 711 1171 genus

261 1178 367 1233 Infame
385 1179 585 1247 damnatusque
602 1179 677 1247 longi

295 1254 425 1323 Sisyphus
443 1254 573 1309 Aeolides
590 1254 699 1309 laboris.

228 1330 388 1399 linquenda
405 1331 489 1385 tellus
505 1334 535 1385 et
553 1330 650 1384 domus
667 1335 697 1385 et
712 1331 825 1400 placens

227 1405 313 1474 Uxor,
329 1423 418 1475 neque
435 1406 533 1460 harum
550 1423 620 1475 quas
636 1407 702 1460 colis
719 1406 847 1460 arborum

261 1481 301 1535 Te
318 1485 429 1550 praeter
446 1481 547 1535 invisas
565 1497 709 1550 cupressos

295 1556 360 1610 Ulla
376 1556 488 1610 brevem
506 1555 644 1610 dominum
662 1557 761 1625 aequet
792 1595 800 1611 .

227 1631 365 1685 Absumet
382 1631 463 1685 heres
481 1630 606 1685 Caecuba
624 1631 733 1699 dignior

228 1707 342 1762 Servata
358 1709 468 1760 centum
485 1706 612 1775 clavibus,
630 1711 659 1760 et
676 1722 758 1771 mero,

261 1783 361 1851 Tinget
376 1783 559 1851 pavimentum
578 1782 696 1852 superbo

295 1857 458 1914 Pontificum
474 1858 581 1929 potiore
598 1858 697 1932 coeris.

519 2000 581 2056 XV.

227 2082 291 2138 Jnn
307 2100 394 2155 pauca
411 2088 502 2139 aratro
514 2083 616 2152 jugera
632 2085 726 2154 regiae

227 2155 316 2212 Moles
332 2161 502 2228 relinquent3
519 2160 641 2228 undique
659 2161 742 2215 latius

261 2233 382 2287 Extenta
399 2235 523 2287 visentur
541 2233 659 2287 Lucrino
829 2236 831 2240 ’

296 2309 399 2376 Stagna
415 2308 483 2375 lacu,
501 2307 683 2377 platanusque
700 2307 807 2362 caelebs

228 2385 343 2440 Evincet
359 2384 465 2449 ulmos3
482 2387 543 2437 tum
559 2383 673 2437 violaria
689 2387 720 2438 et

227 2460 335 2529 Myrtus
353 2463 383 2514 et
400 2459 487 2514 omnis
505 2458 583 2528 copia
599 2458 707 2514 narium

261 2536 399 2605 Spargent
415 2534 522 2589 olivetis
539 2533 653 2589 odorem

296 2610 445 2665 Fertilibus
463 2609 573 2664 domino
590 2610 681 2680 priori,

227 2687 296 2742 'lum
314 2687 401 2756 spissa
417 2686 501 2740 ramis
517 2686 611 2739 laurea
627 2685 747 2742 fervidos

226 2762 363 2818 Excludet
379 2763 456 2817 ictus.
491 2760 554 2815 Non
570 2761 611 2815 ita
629 2761 739 2815 Romuli

260 2837 463 2907 Praetemptum
480 2841 510 2892 et
526 2837 629 2891 intonsi
647 2836 758 2892 Catonis

137 2934 140 2942 ’
185 2961 189 2976 ,
295 2913 433 2982 Auspiciis
444 2916 629 2982 veterumque
646 2928 749 2968 norma.

226 2988 354 3045 Privatus
370 2989 424 3043 illis
440 3004 538 3044 census
554 2992 616 3042 erat
632 2988 732 3058 brevis,

226 3066 376 3122 Commune
393 3082 537 3135 magnum:
554 3065 631 3120 nulla
647 3062 823 3133 decempedis

260 3141 368 3197 Metata
384 3142 506 3210 privatis>
516 3156 628 3210 opacam

295 3214 420 3273 Porticus
437 3215 590 3285 excipiebat
606 3216 720 3284 Arcton,
