2275 3550
7 132 8 169 i
115 174 161 221 122
395 170 550 219 HORATII
567 171 697 220 FLACOI

7 322 8 325 Ἴ
114 252 209 306 Infans
226 264 346 317 namque
363 249 453 316 pudor
470 250 633 318 prohibebat
650 250 731 319 plura
747 251 858 319 profari,

113 327 139 379 N
140 343 176 380 on
194 342 246 393 ego
263 341 308 377 me
326 324 399 377 claro
416 329 511 379 natum
529 329 616 394 patro,
634 343 687 379 non
705 341 756 394 ego
773 327 876 381 circum

112 401 160 454 Me
179 401 342 456 Satureiano
360 401 461 453 veciari
480 417 546 453 rura
563 401 674 468 caballo,

112 475 169 529 Sed
180 475 256 545 quod
268 491 343 528 eram
356 491 444 528 narro.
480 475 640 543 Respondes
651 480 683 530 ut
694 478 759 529 tuus
771 480 814 531 est
825 493 884 531 mos
941 494 967 536 oo

112 551 215 607 Pauca:
237 551 321 616 abeo;
345 554 375 605 et
392 566 502 604 revocas
519 567 590 604 nono
608 554 670 619 post
687 568 780 605 mense
793 551 932 625 jubesque

111 624 180 678 Esse
196 626 226 678 in
244 625 392 678 amicorum
409 641 530 678 numero.
565 625 697 693 disignum
714 627 766 680 hoc
784 644 835 695 ego
853 628 923 683 duco

111 700 192 764 Quod
210 702 301 769 placui
319 701 370 754 tibi
389 701 436 769 qui
453 701 529 768 turpi
547 702 666 755 secernis
684 702 836 771 honestum,

108 775 137 828 N
139 793 174 829 on
191 782 273 846 patre
289 776 429 843 praeclaro
447 775 498 828 sed
516 775 573 828 vita
590 780 620 830 et
637 780 748 845 pectore
765 795 843 847 puro.

111 853 200 921 Atqui
219 852 242 905 si
260 850 534 906 vitiisvmodiocribus
551 867 584 904 ac
601 869 662 905 mea
678 853 773 920 paucis
940 869 965 910 os

110 926 246 982 Mendosa
264 931 307 982 est
324 929 423 984 natura
439 926 540 995 alioqui
558 931 641 994 recta,
659 928 735 983 velut
752 929 775 982 si

110 1001 231 1072 Egregio
248 1004 385 1072 inspersos
402 1001 588 1070 reprehendas
606 1018 719 1072 corpore
736 1021 851 1071 naevos;

110 1078 140 1131 si
158 1096 248 1146 neque
266 1078 409 1133 avaritiam
426 1094 516 1146 neque
534 1077 630 1131 sordes
647 1083 697 1132 aut
714 1081 785 1133 mala
801 1081 889 1135 lutra

110 1153 231 1222 Objicioi
249 1153 473 1223 veroquisquam
491 1153 565 1220 mihi,
584 1170 669 1221 purus
687 1158 716 1209 et
733 1155 825 1210 insons

67 1291 70 1299 ⁸
111 1231 161 1297 (Ut
178 1247 224 1285 me
240 1229 401 1295 collaudem)
419 1228 443 1282 si
461 1232 490 1282 et
507 1228 568 1282 vivo
586 1245 665 1282 carus
683 1230 791 1295 amicis3
939 1246 963 1286 uo

111 1306 200 1360 Causa
217 1307 271 1360 fuit
288 1309 368 1374 pater
384 1304 435 1370 hio,
453 1304 500 1372 qui
517 1320 609 1358 macro
626 1321 733 1373 pauper
749 1306 838 1373 agello

110 1381 207 1436 Noluit
224 1382 253 1435 in
272 1381 349 1434 Flavi
366 1380 462 1433 ludum
479 1396 524 1434 me
541 1381 662 1449 mittere,
680 1381 772 1448 magni
921 1378 923 1380 ’

110 1456 170 1520 Quo
188 1457 267 1525 pueri
284 1456 390 1523 magnis
407 1472 423 1508 e
441 1456 647 1509 censurionibus
664 1457 726 1524 oroi,

110 1531 201 1585 Laevo
219 1531 344 1600 suspensi
361 1530 462 1583 loculos
480 1530 658 1599 tabulamque
674 1525 783 1600 lacerto}
884 1552 888 1559 ·

110 1606 194 1662 Ibant
211 1606 315 1660 octonis
333 1606 485 1660 referentes
504 1605 602 1659 Idibus
620 1623 697 1660 aera:
936 1621 962 1664 τε

109 1682 166 1736 Sed
182 1699 299 1752 puerum
316 1685 361 1735 esi
378 1697 461 1734 ausus
479 1680 595 1734 Romam
612 1686 724 1750 portare
741 1683 893 1739 docendum

110 1760 195 1814 Artes
213 1776 282 1827 quas
300 1758 397 1812 doceat
415 1757 503 1825 quivis
521 1774 606 1825 eques
624 1761 708 1827 atque
726 1764 837 1814 senator

110 1836 203 1890 Sennei
219 1838 374 1903 prognatos.
409 1833 524 1887 Vestem
542 1850 689 1902 servosque
706 1839 859 1903 sequentes,

111 1912 145 1964 In
162 1927 260 1979 magno
277 1914 310 1964 ut
326 1909 433 1979 populo,
451 1910 475 1963 si
493 1909 540 1977 qui
558 1908 679 1977 vidisses,
698 1911 772 1964 avita

110 1985 153 2040 Ex
169 2003 201 2041 re
218 1986 344 2055 praeberi
362 1989 488 2053 sumpius
505 1985 573 2037 rnihi
590 1985 717 2040 crederet
733 1987 801 2041 illos.
938 2002 962 2040 so

62 2095 65 2100 -
110 2062 175 2130 Ipse
192 2063 259 2115 mihi
277 2065 368 2115 custos
385 2061 636 2129 incorruptissimus
654 2078 747 2115 omnes

110 2137 219 2190 Circum
238 2137 364 2190 doctores
382 2136 485 2189 aderat.
522 2136 595 2200 Quid
612 2137 715 2190 multa?
751 2136 892 2205 Pudicum‚

111 2211 164 2275 Qui
179 2213 287 2280 primus
305 2211 417 2263 virtutis
434 2210 526 2278 honos
545 2212 663 2265 servaris
679 2212 715 2265 ab
732 2213 806 2265 omni
859 2257 861 2260 .

110 2286 137 2340 N
138 2303 173 2340 on
191 2286 278 2339 solum
294 2286 367 2338 facto
385 2301 479 2338 verum
496 2286 643 2354 opprobrio
661 2288 876 2356 quoquetmp13

110 2362 137 2415 N
139 2378 170 2415 ec
186 2361 280 2415 timuit
298 2360 349 2414 sibi
366 2377 402 2414 ne
419 2360 486 2415 vitio
504 2362 565 2428 quis
584 2367 706 2416 verteret
722 2363 788 2416 olim
939 2377 964 2415 ss

111 2438 140 2491 si
157 2453 256 2505 praeco
273 2453 372 2506 parvas
389 2439 445 2505 aut,
463 2439 495 2490 ut
512 2437 566 2491 fuit
584 2438 650 2506 ipse,
669 2441 779 2493 coactor
996 2498 1002 2508 ‚

110 2512 254 2566 Mercedes
262 2529 402 2580 sequerer;
412 2528 502 2579 neque
509 2529 560 2581 ego
567 2529 655 2567 essens
665 2519 788 2583 questus:
800 2513 962 2569 uthoonunc

111 2588 184 2641 Laus
201 2588 241 2641 illi
260 2588 377 2642 debetur
394 2591 424 2642 oi
440 2603 458 2641 a
474 2604 519 2642 me
535 2589 627 2655 gratia
644 2590 739 2658 major.

111 2664 158 2717 Nil
176 2680 220 2717 me
237 2665 376 2733 poeniteat
394 2679 490 2717 sanum
506 2664 595 2731 patris
606 2664 695 2733 hujus,
713 2682 801 2734 eoquo

111 2739 137 2793 N
139 2756 180 2806 on,
197 2743 229 2793 ut
246 2756 345 2807 magna
362 2739 424 2792 dolo
442 2738 544 2792 facium
561 2744 645 2806 negat
662 2757 722 2794 esse
740 2757 790 2794 suo
806 2757 871 2809 pars
938 2755 963 2795 oo

112 2815 192 2879 Quod
208 2832 262 2869 non
279 2816 410 2882 ingenuos
428 2813 530 2867 habeat
547 2815 690 2883 clarosque
707 2820 845 2885 parentes,

111 2891 156 2945 Sic
173 2908 218 2945 me
236 2890 388 2945 defendam.
424 2889 517 2957 Longe
534 2905 597 2944 mea
614 2891 752 2960 discrepat
769 2892 831 2947 istis

111 2965 149 3020 ut
164 2984 218 3020 vox
236 2970 265 3020 eb
282 2965 367 3020 ratio:
386 2981 450 3018 nam
468 2965 491 3017 si
508 2968 607 3019 natura
621 2965 736 3033 juberet

112 3041 139 3094 A
158 3042 240 3095 certis
257 3043 334 3095 annis
352 3056 449 3094 aevum
467 3056 590 3093 remeare
607 3045 750 3107 peractum

112 3116 206 3183 Atque
224 3117 290 3170 alios
307 3118 399 3184 legere
416 3115 452 3169 ad
469 3115 570 3168 fastum
589 3131 772 3189 quoscunque*
782 3117 911 3183 parentos
944 3128 968 3167 95

112 3187 230 3256 optaret
247 3191 299 3245 sibi
317 3191 438 3261 quisque,
455 3190 524 3244 nucis
542 3193 686 3244 contentus
702 3190 833 3245 honestos
