2275 3550
124 199 156 243 82

402 192 557 241 HORATII
576 191 705 240 FLAOOI

156 280 159 286 “
265 272 325 336 Quo
341 271 413 339 fugit
429 288 521 337 venus,
539 270 601 336 heu,
619 287 708 339 quove
726 271 819 326 colori
837 273 936 330 decens

179 414 183 421 ,
265 348 326 412 Quo
343 350 454 401 motusl
472 346 540 414 quid
556 346 642 399 habes
658 346 738 415 illius,
755 346 835 417 illius,

300 423 376 487 Quae
395 422 519 491 spirabat
536 437 651 490 amores,

334 498 411 562 Quae
428 515 473 551 me
491 501 638 565 surpuerat
655 497 730 564 milri,
958 515 982 554 so

264 571 343 626 Felix
359 576 423 641 post
441 573 576 639 Cinaram,
594 576 713 641 notaque
731 575 761 626 ct
777 573 879 628 artium

265 647 412 702 Gratarum
429 648 532 703 faciest
568 648 626 703 Sed
643 649 759 703 Cinarae
775 647 874 703 breves

301 725 398 777 Annos
415 725 474 778 fata
491 723 636 790 dedenmt,
876 729 878 731 ’

335 798 483 855 Servatum
501 800 549 852 diu
566 815 663 867 parem

266 873 389 928 (lornicis
406 874 515 928 vetulae
532 873 703 941 temporibus
721 873 821 942 Lycen,
960 889 984 929 as
1080 913 1087 922 .

266 940 382 1005 Possent
399 953 431 1004 ut
445 949 563 1017 juvenes
581 950 672 1002 visere
687 948 788 1002 fervidi

299 1025 389 1079 Multo
406 1041 460 1077 non
477 1024 536 1079 sine
553 1024 611 1077 risu

334 1100 475 1169 Dilapsam
491 1100 521 1153 in
538 1100 644 1154 cineres
656 1100 756 1178 placem.

266 1322 348 1389 Quen
365 1341 431 1380 cura
447 1327 558 1394 patrum
577 1341 681 1394 quaeve
700 1324 850 1389 Quiritium

266 1399 360 1455 Plenis
376 1401 509 1453 honorum
527 1401 685 1454 muneribus
702 1404 772 1469 tuas,

301 1478 436 1542 Anguste,
455 1475 573 1528 virtutes
590 1475 619 1527 in
636 1492 733 1529 aevum

337 1550 392 1602 Per
409 1549 506 1603 titulos
522 1566 712 1617 memoresque
729 1550 814 1607 fastos

266 1624 413 1690 Aeternet,
430 1639 447 1677 o
465 1640 520 1693 qua
537 1624 577 1677 sol
594 1624 758 1678 habitabiles
975 1642 989 1682 s

265 1698 391 1755 Illustrat
418 1715 479 1753 oras
496 1700 615 1755 maxime
631 1700 797 1769 principum?

301 1778 391 1842 Quem
408 1776 478 1845 legis
495 1780 625 1844 expertes
642 1776 759 1831 Latinae

339 1852 476 1907 Vindelici
494 1852 617 1907 didicere
633 1869 723 1921 nuper

266 1927 341 1994 Quid
358 1929 450 1983 Marte
465 1944 567 1996 posses.
603 1928 694 1983 Milite
711 1945 775 1982 nam
791 1932 841 1983 tno
888 1954 905 1972 ν

266 2003 375 2060 Drusus
393 2005 546 2071 Genaunes,
565 2003 742 2074 implacidum
758 2020 853 2072 genua
962 2031 982 2069 m

302 2080 482 2150 Breunosque
500 2081 614 2149 veloces,
633 2084 663 2134 et
680 2096 756 2133 arces

337 2155 457 2224 Alpibus
474 2156 617 2224 impositas
634 2154 789 2209 tremendis

267 2228 379 2297 Dejecit
396 2246 460 2283 acer
477 2230 539 2297 plus
556 2230 617 2283 vice
634 2230 767 2295 simplici3

208 2375 211 2380 ⁴
265 2303 367 2371 *Major
383 2305 524 2357 Neronum
541 2319 606 2355 mox
623 2320 707 2370 grave
724 2302 858 2370 proelium

302 2379 446 2432 Commisit
463 2379 652 2446 immanesque
671 2378 774 2430 Raetos
963 2396 983 2436 u

336 2454 474 2523 Auspiciis
492 2453 598 2522 pepulit
616 2452 750 2519 secundis,

268 2529 441 2599 spectandus
458 2530 487 2582 in
505 2529 653 2582 certandae
671 2527 782 2596 Martio,

267 2604 375 2661 Devota
392 2605 473 2659 morti
491 2607 602 2673 pectora
618 2603 722 2656 liberae

302 2680 418 2744 Quantis
434 2681 566 2748 fatigaret
583 2679 683 2743 ruinis;

338 2755 491 2810 Indomitas
508 2771 597 2824 prope
611 2754 699 2823 qualis
716 2753 805 2808 undas
966 2765 988 2803 a]

266 2831 384 2888 Exercet
403 2834 514 2900 Auster,
533 2830 679 2885 Pleiadum
697 2830 779 2884 choro

267 2908 416 2964 Scindente
433 2908 529 2975 nubes,
547 2907 665 2975 impiger
681 2906 802 2960 hostium

300 2982 411 3038 Vexare
427 2985 533 3036 turmas
552 2986 582 3036 et
599 2983 762 3036 frementem

336 3060 451 3114 Mittere
469 3075 571 3128 equum
589 3058 694 3111 medios
711 3074 762 3126 per
778 3056 863 3124 ignes.

267 3136 313 3191 Sic
330 3135 495 3190 tauriformis
512 3133 630 3188 volvitur
649 3132 775 3197 Aufidus,

266 3210 321 3277 Qui
329 3213 424 3280 'regna
441 3209 532 3263 Dauni
549 3207 678 3278 praefluit
697 3207 790 3276 Apuli,
