2275 3550
445 202 781 255 8ΑΤΙΒΑΒΠΜΙ.5.’
877 223 879 228 ·
973 209 1019 258 119

170 284 194 339 0
212 286 259 355 qui
276 286 432 355 complexus
450 291 479 340 et
495 285 597 353 gaudia
613 287 717 353 quauta
733 283 861 339 fuerunt!

168 360 216 413 Nil
234 377 285 429 ego
303 361 463 415 contulerim
477 361 601 429 jucundo
620 376 701 414 sanus
719 359 813 412 amico.

169 433 297 490 Proxima
314 437 453 506 Campano
470 437 547 505 ponti
565 452 635 504 quaa
653 434 752 501 villula,
770 438 875 489 tectum
995 444 1017 483 ⁴5

169 510 308 579 Praebuit,
325 516 356 566 et
371 512 482 582 parochi
500 529 571 581 quae
587 511 690 565 debent
706 510 782 579 ligna
798 510 945 581 salemque.

169 585 243 640 Hinc
259 587 326 641 muli
344 588 454 657 Capuae
471 587 587 642 clitellas
604 592 729 655 tempore
745 590 859 654 pommt.

170 661 272 716 Lusum
288 662 313 716 it
330 663 482 732 Maecenas,
501 663 649 717 dormitum
667 679 717 730 ego
736 661 936 730 Virgilirrsque;

168 736 296 807 Namque
311 739 367 807 pila
383 739 464 809 lippis
481 739 620 793 inimicum
637 742 667 793 et
682 738 780 792 ludere
797 738 896 793 crudis.

146 862 149 867 ,
169 812 243 867 Hine
259 830 309 867 nos
327 814 432 869 Cocceii
449 815 547 884 recipit
564 812 720 883 plenissima
736 813 801 867 villa
997 831 1020 869 so

169 887 246 953 Quae
264 894 407 959 superest
425 891 513 946 (laudi
531 907 674 960 cauponas.
709 890 736 943 N
737 906 790 944 unc
808 888 875 942 milri
891 890 985 959 paucis

52 1014 56 1023 ,
168 963 306 1019 Sarmenti
324 983 433 1021 scurrae
450 983 567 1036 pugnam
588 966 728 1035 Messique
747 965 871 1033 Cicirrhi,

168 1039 257 1109 Musa,
275 1041 357 1095 velim
374 1059 516 1111 memores,
534 1046 564 1096 et
582 1058 635 1109 quo
653 1044 832 1109 patronatus
849 1044 967 1110 uterque

170 1115 324 1170 Contulerit
340 1117 411 1171 lites.
445 1117 529 1172 Messi
546 1117 649 1170 clarum
666 1133 752 1183 genus
769 1116 848 1182 Osci;

170 1189 307 1244 Sarmenti
325 1192 435 1245 domina
451 1195 556 1246 exstat:
573 1192 609 1244 ab
626 1191 668 1244 his
685 1191 834 1259 majoribus
851 1192 905 1245 orti
999 1212 1018 1245 ‹r-

170 1265 219 1320 Ad
235 1282 354 1335 pugnam
371 1282 477 1321 venere.
512 1265 592 1320 Prior
609 1266 782 1320 Sarmentus:
801 1267 892 1335 “aqui
909 1271 940 1322 te

169 1339 239 1394 Esse
255 1341 307 1396 feri
325 1342 440 1396 similem
458 1341 539 1395 dico.’'
576 1340 708 1395 Ridemus
725 1342 829 1410 etipse

169 1416 289 1472 Messius
306 1418 466 1488 “Accipis”
484 1420 566 1485 eaput
583 1421 613 1471 ct
629 1421 726 1471 movet.
762 1417 817 1485 “0,
835 1421 884 1471 tua
900 1433 985 1473 cornu

168 1492 207 1546 Ni
223 1492 296 1547 foret
313 1497 422 1548 exsecto
440 1493 535 1560 frons,”
552 1492 649 1562 inquit,
668 1493 755 1562 “quid
770 1493 881 1560 laceres,
899 1510 961 1548 cum

169 1567 214 1622 Sic
230 1569 343 1624 mutilus
359 1568 527 1624 miniterisl’'
562 1568 605 1623 At
622 1568 661 1621 illi
679 1568 760 1623 foeda
778 1569 887 1623 cicatrix
998 1586 1019 1624 oo

168 1644 292 1699 Setosam
309 1645 380 1700 laevi
395 1645 513 1699 frontem
529 1648 690 1714 turpaverat
707 1646 768 1699 oris.

169 1719 336 1790 Campanum
353 1720 382 1775 in
399 1721 532 1790 morbum,
549 1720 578 1774 in
595 1720 692 1775 faciem
709 1720 847 1790 permulta
859 1720 975 1790 jocatm,

169 1796 313 1852 Pastorem
331 1797 446 1851 saltaret
462 1798 505 1850 uti
523 1797 641 1864 Cyclopa
657 1797 788 1863 rogabat:
910 1801 915 1808 '
960 1859 964 1864 Ι

168 1872 216 1926 Nil
233 1873 274 1926 illi
290 1872 367 1925 larva
384 1876 432 1925 aut
450 1871 562 1938 tragicis
580 1887 649 1939 opus
665 1887 726 1924 esse
744 1871 909 1926 cothumis
951 1871 957 1882 ’
981 1862 989 1932 l
1007 1891 1033 1922 ι’

168 1947 262 2002 Multa
276 1947 416 2001 Oiclrrlrus
433 1947 470 2001 ad
487 1946 571 2001 haee:
589 1946 724 1999 Donasset
738 1945 832 2013 jamne
850 1949 974 2016 catcuam
994 1965 1018 2004 es

169 2023 212 2076 Ex
229 2026 292 2077 voto
311 2022 434 2090 Laribus,
453 2021 618 2091 quaerebat;
635 2020 724 2074 scriba
742 2021 816 2088 quod
835 2028 917 2092 esset,

168 2098 262 2153 Nihilo
280 2098 403 2152 deterius
420 2097 546 2151 dominae
559 2096 608 2164 jus
625 2112 692 2150 esse.
727 2095 852 2163 hog-ebat

169 2174 294 2243 Denique
312 2190 361 2227 cur
377 2189 497 2242 unquam
514 2173 637 2240 fugisset,
654 2171 699 2225 cui
716 2171 783 2226 satis
799 2172 855 2225 una

168 2248 261 2304 Farris
278 2249 348 2303 libra
364 2249 436 2302 foret
455 2247 550 2316 gracili
567 2247 607 2300 sic
623 2251 734 2315 tamque
752 2247 857 2315 pusillo.

169 2325 283 2380 Prorsus
297 2323 421 2393 jucunde
438 2339 550 2377 coenam
567 2323 746 2391 produximus
763 2322 845 2376 illam.
988 2339 1012 2377 ro

168 2401 316 2455 'l'endimus
333 2400 397 2455 hinc
414 2403 492 2453 recta
510 2399 707 2465 Beneventum,
724 2398 773 2451 ubi
791 2398 902 2452 sedulus
919 2400 1017 2469 hospes

169 2476 258 2532 Paene
273 2492 378 2531 macros
395 2476 463 2530 arsit
481 2475 546 2528 dum
564 2474 661 2529 turdos
678 2477 771 2528 versat
788 2473 816 2527 iu
834 2475 907 2542 igui3

168 2552 240 2606 Nam
256 2568 326 2620 vaga
341 2568 391 2620 per
407 2556 531 2606 veterem
549 2549 653 2619 dilapso
671 2550 780 2603 flamma
797 2550 914 2603 culinam

168 2627 291 2681 Vulcano
308 2644 441 2681 summum
459 2626 626 2695 properabat
642 2625 764 2679 lambere
781 2629 891 2682 tectum.

169 2702 301 2756 Convivas
317 2703 410 2757 avidos
427 2718 538 2756 coenam
555 2717 702 2770 servosque
719 2702 851 2754 timentes
994 2715 1018 2756 aa

169 2778 237 2831 Turn
254 2794 359 2848 rapere,
376 2781 460 2847 atque
477 2794 569 2831 omnes
587 2778 758 2844 restinguere
775 2776 845 2830 velle
862 2775 976 2830 videres.

169 2853 270 2922 Incipit
288 2869 323 2906 ex
339 2852 387 2906 illo
403 2856 510 2907 montes
529 2854 631 2922 Apulia
647 2857 727 2906 notos

168 2928 316 2983 Ostentare
332 2927 408 2995 mihi,
426 2945 494 2996 quos
511 2931 600 2982 torret
621 2927 756 2982 Atabulus
773 2932 803 2982 ct
820 2942 888 2995 quos

168 3005 315 3074 Nunquam
334 3020 490 3073 crepsemus
507 3004 560 3056 nisi
578 3020 626 3057 nos
644 3005 732 3057 vicina
748 3003 846 3056 Trivici

167 3078 241 3134 Villa
258 3079 412 3148 recepisset,
430 3079 571 3132 lacrimoso
588 3097 642 3132 non
661 3081 718 3133 sine
735 3079 817 3144 fumo,
999 3083 1022 3120 8⁰

168 3149 245 3210 Udos
262 3173 324 3210 cum
341 3156 413 3209 foliis
430 3171 520 3208 ramos
536 3160 634 3208 urente
651 3157 764 3208 camino.

168 3231 222 3286 Hic
240 3248 291 3301 ego
308 3232 469 3286 mcndscem
487 3230 663 3286 stultissimus
679 3246 767 3300 usque
785 3228 904 3297 puellam
