2275 3550
403 219 608 269 cnanmuu
624 220 646 268 1.
665 222 703 280 ai,
723 222 763 271 aa.
979 205 1010 254 1δ

262 298 409 355 Conditum
426 298 489 366 levi,
508 299 590 353 <latus
607 299 637 352 in
654 300 763 353 theatro

296 375 364 428 Cum
382 374 435 428 tibi
451 376 568 441 plausus,

261 450 331 505 Care
349 451 493 503 Maecenas
511 466 604 518 eques,
621 452 653 503 ut
670 449 779 517 paterni
994 451 1009 491 ⁶

261 525 395 580 Fluminis
412 526 488 595 ripae
505 526 586 579 simul
604 528 634 579 et
646 524 741 593 jocosa
760 522 762 526 ’

262 598 405 655 Redderet
421 599 516 653 laudes
533 599 585 654 tibi
603 600 743 671 Vaticani·

296 674 400 728 Montis
416 674 514 747 imago.

261 748 418 804 Caecubum
435 754 465 805 et
481 750 558 819 prelo
576 748 708 804 domitam
727 748 829 804 Caleno

262 824 304 878 Tu
320 825 400 880 bibes
416 841 510 880 uvam:
527 841 590 879 mea
606 841 658 879 nec
676 823 809 879 Falernae
987 830 1010 865 ¹⁰

263 897 427 967 Temperant
443 900 514 953 vites
530 916 621 970 neque
639 896 777 954 Formiani

297 973 399 1030 Pocula
415 974 504 1029 colles.
642 976 671 1038 ς

546 1117 626 1173 ΧΧΙ.

263 1196 384 1252 Dianam
401 1200 513 1252 tenerae
530 1198 615 1252 dicite
631 1197 757 1266 virgines,

265 1273 415 1339 Intonsum,
433 1273 519 1340 pueri,
537 1273 622 1326 dicite
640 1273 785 1341 Cynthium

299 1347 485 1416 Latonamque
502 1363 629 1415 supremo

333 1423 469 1477 Dilectam
485 1423 597 1491 penitus
615 1421 686 1475 Jovi.

266 1498 322 1551 Vos
339 1492 439 1551 laetam
456 1496 545 1551 fluviis
563 1501 593 1550 et
609 1513 752 1550 nemorum
769 1513 853 1563 coma,
998 1506 1013 1546 s

266 1571 448 1640 Quaecunque
465 1575 514 1626 aut
529 1571 622 1639 gelido
638 1573 777 1640 prominet
794 1569 895 1640 Algido

299 1647 393 1715 Nigris
409 1651 458 1701 aut
475 1646 635 1716 Erymanthi

333 1723 421 1778 Silvis.
430 1726 479 1777 aut
495 1723 590 1778 viridis
609 1723 705 1792 Cmgi;

172 1823 181 1834 ⁴
267 1799 324 1858 Vos
341 1800 442 1866 Tempe
458 1798 576 1853 totidem
593 1799 682 1854 tollite
699 1799 826 1852 laudibus

268 1874 458 1942 Natalemque,
475 1890 573 1939 mares,
592 1874 680 1927 Delon
698 1873 839 1941 Apollinis,

302 1950 496 2017 Insignemque
513 1949 645 2016 pharetra

336 2025 524 2092 Fraternaque
541 2023 685 2076 humerum
701 2023 766 2092 lyra.

268 2100 323 2155 Hic
340 2099 444 2153 bellum
461 2099 640 2166 lacrimosum,
657 2099 702 2152 hic
717 2099 844 2153 miseram
861 2100 961 2154 famem

268 2175 433 2244 Pestemque
449 2191 466 2229 a
482 2174 582 2244 populo
600 2178 629 2228 et
645 2174 767 2243 principe
786 2175 902 2229 Caesare
919 2173 947 2227 in

301 2251 399 2307 Persas
416 2250 664 2320 atqueBritannos
989 2262 1013 2304 lt

334 2327 437 2383 Vestra
453 2329 544 2380 motus
560 2329 625 2394 aget
640 2342 728 2396 prece.
786 2362 791 2370 ·

541 2470 638 2525 XXII.

267 2557 395 2613 incussu
411 2554 485 2610 vitae
502 2553 668 2623 scelerisque
684 2570 769 2623 purus

267 2634 329 2688 Non
346 2637 411 2703 eget
429 2630 534 2684 Mauris
547 2629 648 2698 jaculis
665 2646 755 2697 neque
771 2645 835 2686 arcu

266 2709 292 2763 N
294 2725 326 2762 ec
342 2707 484 2762 venenatis
500 2705 615 2774 gravida
631 2706 747 2773 sagittis,

300 2783 395 2850 Fusce,
412 2782 550 2851 pharetra,

266 2858 330 2912 Sive
346 2875 397 2926 per
414 2858 509 2926 Syrtes
525 2856 581 2910 iter
597 2859 738 2910 aestuosas

266 2933 329 2988 Sive
346 2934 467 2987 facturus
483 2947 535 3001 per
551 2931 742 3000 inhospitalem

230 3063 233 3068 ,
266 3008 415 3063 Caucasum
432 3007 475 3061 vel
493 3023 563 3075 quae
581 3007 640 3061 loca
657 3007 796 3062 fabulosus

260 3103 268 3115 ⁶
301 3084 411 3137 Lambit
430 3081 584 3150 Hydaspes.

149 3204 155 3212 .
264 3157 391 3227 Namque
408 3173 453 3211 me
471 3157 539 3210 silva
555 3157 637 3225 lupus
654 3157 682 3209 in
700 3155 808 3222 Sabina,

265 3233 340 3287 Dum
356 3249 446 3286 meam
464 3236 544 3285 canto
564 3232 683 3299 Lalagen
701 3236 730 3285 ct
748 3235 821 3286 uitia
993 3240 1014 3280 10
