<?xml version="1.0" encoding="UTF-8"?>
<!DOCTYPE html PUBLIC "-//W3C//DTD XHTML 1.0 Transitional//EN"
    "http://www.w3.org/TR/xhtml1/DTD/xhtml1-transitional.dtd">
<html xmlns="http://www.w3.org/1999/xhtml" xml:lang="en" lang="en">
 <head>
  <title>
</title>
<meta http-equiv="Content-Type" content="text/html;charset=utf-8" />
  <meta name='ocr-system' content='tesseract 3.04.00' />
  <meta name='ocr-capabilities' content='ocr_page ocr_carea ocr_par ocr_line ocrx_word'/>
</head>
<body>
  <div class='ocr_page' id='page_1' title='image "./quintihoraticfl00maclgoog_0211.png"; bbox 0 0 2275 3550; ppageno 0'>
   <div class='ocr_carea' id='block_1_1' title="bbox 428 173 1025 242">
    <p class='ocr_par' dir='ltr' id='par_1_1' title="bbox 428 173 1025 242">
     <span class='ocr_line' id='line_1_1' title="bbox 428 173 1025 242; baseline 0 -4"><span class='ocrx_word' id='word_1_1' title='bbox 428 188 684 242; x_wconf 78' lang='lat' dir='ltr'><strong>nrrsronaaun</strong></span> <span class='ocrx_word' id='word_1_2' title='bbox 700 188 723 237; x_wconf 91' lang='lat'><strong>1.</strong></span> <span class='ocrx_word' id='word_1_3' title='bbox 741 190 781 238; x_wconf 81' lang='lat' dir='ltr'><strong>ao.</strong></span> <span class='ocrx_word' id='word_1_4' title='bbox 806 236 809 242; x_wconf 85' lang='grc'><em>,</em></span> <span class='ocrx_word' id='word_1_5' title='bbox 834 173 839 184; x_wconf 89' lang='lat'><em>‘</em></span> <span class='ocrx_word' id='word_1_6' title='bbox 978 190 1025 240; x_wconf 81' lang='lat' dir='ltr'><strong>us</strong></span> 
     </span>
    </p>
   </div>
   <div class='ocr_carea' id='block_1_2' title="bbox 137 264 1097 1697">
    <p class='ocr_par' dir='ltr' id='par_1_2' title="bbox 175 264 1021 411">
     <span class='ocr_line' id='line_1_2' title="bbox 176 264 1021 333; baseline 0.012 -14"><span class='ocrx_word' id='word_1_7' title='bbox 176 264 263 321; x_wconf 81' lang='lat' dir='ltr'><strong>Carus</strong></span> <span class='ocrx_word' id='word_1_8' title='bbox 279 268 334 323; x_wconf 88' lang='lat' dir='ltr'><strong>cris</strong></span> <span class='ocrx_word' id='word_1_9' title='bbox 351 268 456 325; x_wconf 71' lang='lat' dir='ltr'><strong>Rornae</strong></span> <span class='ocrx_word' id='word_1_10' title='bbox 473 272 560 326; x_wconf 87' lang='lat' dir='ltr'><strong>donec</strong></span> <span class='ocrx_word' id='word_1_11' title='bbox 577 273 608 326; x_wconf 85' lang='lat' dir='ltr'><strong>te</strong></span> <span class='ocrx_word' id='word_1_12' title='bbox 624 269 736 325; x_wconf 86' lang='lat' dir='ltr'><strong>deserat</strong></span> <span class='ocrx_word' id='word_1_13' title='bbox 752 270 844 333; x_wconf 85' lang='lat' dir='ltr'><strong>aetas;</strong></span> <span class='ocrx_word' id='word_1_14' title='bbox 999 291 1021 329; x_wconf 86' lang='lat' dir='ltr'><strong>ro</strong></span> 
     </span>
     <span class='ocr_line' id='line_1_3' title="bbox 175 339 853 411; baseline 0.006 -19"><span class='ocrx_word' id='word_1_15' title='bbox 175 339 367 397; x_wconf 64' lang='lat' dir='ltr'><strong>contrectatus</strong></span> <span class='ocrx_word' id='word_1_16' title='bbox 384 346 433 398; x_wconf 91' lang='lat' dir='ltr'><strong>ubi</strong></span> <span class='ocrx_word' id='word_1_17' title='bbox 450 348 575 400; x_wconf 87' lang='lat' dir='ltr'><strong>manibus</strong></span> <span class='ocrx_word' id='word_1_18' title='bbox 593 346 752 399; x_wconf 86' lang='lat' dir='ltr'><strong>sordescere</strong></span> <span class='ocrx_word' id='word_1_19' title='bbox 770 343 853 411; x_wconf 82' lang='lat' dir='ltr'><strong>vulgi,</strong></span> 
     </span>
    </p>

    <p class='ocr_par' dir='ltr' id='par_1_3' title="bbox 175 414 893 489">
     <span class='ocr_line' id='line_1_4' title="bbox 175 414 893 489; baseline 0.004 -20"><span class='ocrx_word' id='word_1_20' title='bbox 175 414 311 485; x_wconf 79' lang='lat' dir='ltr'><strong>Ooeperis,</strong></span> <span class='ocrx_word' id='word_1_21' title='bbox 329 424 377 473; x_wconf 93' lang='lat' dir='ltr'><strong>aut</strong></span> <span class='ocrx_word' id='word_1_22' title='bbox 394 421 483 475; x_wconf 87' lang='lat' dir='ltr'><strong>tineas</strong></span> <span class='ocrx_word' id='word_1_23' title='bbox 499 439 594 489; x_wconf 87' lang='lat' dir='ltr'><strong>pasees</strong></span> <span class='ocrx_word' id='word_1_24' title='bbox 611 421 764 474; x_wconf 78' lang='lat' dir='ltr'><strong>taciturnus</strong></span> <span class='ocrx_word' id='word_1_25' title='bbox 782 419 893 484; x_wconf 67' lang='lat' dir='ltr'><strong>inertes</strong></span> 
     </span>
    </p>

    <p class='ocr_par' dir='ltr' id='par_1_4' title="bbox 174 492 942 639">
     <span class='ocr_line' id='line_1_5' title="bbox 174 492 942 568; baseline 0.008 -24"><span class='ocrx_word' id='word_1_26' title='bbox 174 492 234 546; x_wconf 88' lang='lat' dir='ltr'><strong>Aut</strong></span> <span class='ocrx_word' id='word_1_27' title='bbox 250 493 339 561; x_wconf 82' lang='lat' dir='ltr'><strong>fugies</strong></span> <span class='ocrx_word' id='word_1_28' title='bbox 356 496 466 551; x_wconf 82' lang='lat' dir='ltr'>Uticam</span> <span class='ocrx_word' id='word_1_29' title='bbox 483 502 532 551; x_wconf 86' lang='lat' dir='ltr'><strong>aut</strong></span> <span class='ocrx_word' id='word_1_30' title='bbox 549 498 656 550; x_wconf 82' lang='lat' dir='ltr'><strong>rinctus</strong></span> <span class='ocrx_word' id='word_1_31' title='bbox 673 495 793 568; x_wconf 80' lang='lat' dir='ltr'><strong>mitteris</strong></span> <span class='ocrx_word' id='word_1_32' title='bbox 812 494 942 550; x_wconf 78' lang='lat' dir='ltr'><strong>Ilerdam.</strong></span> 
     </span>
     <span class='ocr_line' id='line_1_6' title="bbox 174 566 779 639; baseline 0.007 -20"><span class='ocrx_word' id='word_1_33' title='bbox 174 566 288 623; x_wconf 84' lang='lat' dir='ltr'><strong>Ridebit</strong></span> <span class='ocrx_word' id='word_1_34' title='bbox 304 571 423 625; x_wconf 87' lang='lat' dir='ltr'><strong>monitor</strong></span> <span class='ocrx_word' id='word_1_35' title='bbox 440 588 495 625; x_wconf 88' lang='lat' dir='ltr'><strong>non</strong></span> <span class='ocrx_word' id='word_1_36' title='bbox 512 572 666 639; x_wconf 81' lang='lat' dir='ltr'><strong>exauditus,</strong></span> <span class='ocrx_word' id='word_1_37' title='bbox 683 575 715 624; x_wconf 93' lang='lat' dir='ltr'><strong>ut</strong></span> <span class='ocrx_word' id='word_1_38' title='bbox 732 571 779 624; x_wconf 89' lang='lat' dir='ltr'><strong>ille</strong></span> 
     </span>
    </p>

    <p class='ocr_par' dir='ltr' id='par_1_5' title="bbox 173 642 1026 787">
     <span class='ocr_line' id='line_1_7' title="bbox 174 642 1026 715; baseline 0.008 -21"><span class='ocrx_word' id='word_1_39' title='bbox 174 642 227 706; x_wconf 86' lang='lat' dir='ltr'><strong>Qui</strong></span> <span class='ocrx_word' id='word_1_40' title='bbox 244 645 316 698; x_wconf 89' lang='lat' dir='ltr'><strong>male</strong></span> <span class='ocrx_word' id='word_1_41' title='bbox 333 650 479 714; x_wconf 90' lang='lat' dir='ltr'><strong>parentem</strong></span> <span class='ocrx_word' id='word_1_42' title='bbox 496 647 525 700; x_wconf 90' lang='lat' dir='ltr'><strong>in</strong></span> <span class='ocrx_word' id='word_1_43' title='bbox 543 663 626 715; x_wconf 88' lang='lat' dir='ltr'><strong>rupes</strong></span> <span class='ocrx_word' id='word_1_44' title='bbox 643 646 777 713; x_wconf 76' lang='lat' dir='ltr'><strong>protrusit</strong></span> <span class='ocrx_word' id='word_1_45' title='bbox 794 645 908 700; x_wconf 85' lang='lat' dir='ltr'><strong>asellum</strong></span> <span class='ocrx_word' id='word_1_46' title='bbox 1003 668 1026 707; x_wconf 81' lang='lat'><strong>15</strong></span> 
     </span>
     <span class='ocr_line' id='line_1_8' title="bbox 173 717 850 787; baseline 0.009 -17"><span class='ocrx_word' id='word_1_47' title='bbox 173 717 280 774; x_wconf 86' lang='lat' dir='ltr'><strong>Iratus:</strong></span> <span class='ocrx_word' id='word_1_48' title='bbox 299 722 360 787; x_wconf 80' lang='lat' dir='ltr'><strong>quis</strong></span> <span class='ocrx_word' id='word_1_49' title='bbox 378 723 450 775; x_wconf 86' lang='lat' dir='ltr'><strong>enirn</strong></span> <span class='ocrx_word' id='word_1_50' title='bbox 467 723 584 776; x_wconf 85' lang='lat' dir='ltr'><strong>invitum</strong></span> <span class='ocrx_word' id='word_1_51' title='bbox 601 738 710 776; x_wconf 87' lang='lat' dir='ltr'><strong>servare</strong></span> <span class='ocrx_word' id='word_1_52' title='bbox 728 721 850 776; x_wconf 64' lang='lat' dir='ltr'><strong>laboret?</strong></span> 
     </span>
    </p>

    <p class='ocr_par' dir='ltr' id='par_1_6' title="bbox 173 793 1006 938">
     <span class='ocr_line' id='line_1_9' title="bbox 173 793 1006 869; baseline 0.007 -23"><span class='ocrx_word' id='word_1_53' title='bbox 173 793 235 847; x_wconf 89' lang='lat' dir='ltr'><strong>Hoc</strong></span> <span class='ocrx_word' id='word_1_54' title='bbox 252 812 361 864; x_wconf 89' lang='lat' dir='ltr'><strong>quoque</strong></span> <span class='ocrx_word' id='word_1_55' title='bbox 377 800 407 851; x_wconf 89' lang='lat' dir='ltr'><strong>te</strong></span> <span class='ocrx_word' id='word_1_56' title='bbox 424 804 524 865; x_wconf 88' lang='lat' dir='ltr'><strong>manet,</strong></span> <span class='ocrx_word' id='word_1_57' title='bbox 542 801 574 851; x_wconf 92' lang='lat' dir='ltr'><strong>ut</strong></span> <span class='ocrx_word' id='word_1_58' title='bbox 591 814 691 866; x_wconf 85' lang='lat' dir='ltr'><strong>pueros</strong></span> <span class='ocrx_word' id='word_1_59' title='bbox 709 798 844 851; x_wconf 87' lang='lat' dir='ltr'><strong>elementa</strong></span> <span class='ocrx_word' id='word_1_60' title='bbox 862 798 1006 869; x_wconf 83' lang='lat' dir='ltr'><strong>docentem</strong></span> 
     </span>
     <span class='ocr_line' id='line_1_10' title="bbox 173 869 822 938; baseline 0.011 -18"><span class='ocrx_word' id='word_1_61' title='bbox 173 869 294 938; x_wconf 79' lang='lat' dir='ltr'><strong>Occupet</strong></span> <span class='ocrx_word' id='word_1_62' title='bbox 312 874 442 927; x_wconf 84' lang='lat' dir='ltr'><strong>extremis</strong></span> <span class='ocrx_word' id='word_1_63' title='bbox 459 874 488 926; x_wconf 89' lang='lat' dir='ltr'><strong>in</strong></span> <span class='ocrx_word' id='word_1_64' title='bbox 506 873 575 934; x_wconf 53' lang='lat' dir='ltr'><strong>uicis¹</strong></span> <span class='ocrx_word' id='word_1_65' title='bbox 590 873 672 926; x_wconf 88' lang='lat' dir='ltr'><strong>balba</strong></span> <span class='ocrx_word' id='word_1_66' title='bbox 689 876 782 927; x_wconf 85' lang='lat' dir='ltr'><strong>senect</strong></span> <span class='ocrx_word' id='word_1_67' title='bbox 816 915 822 927; x_wconf 91' lang='lat'><em>.</em></span> 
     </span>
    </p>

    <p class='ocr_par' dir='ltr' id='par_1_7' title="bbox 172 944 884 1018">
     <span class='ocr_line' id='line_1_11' title="bbox 172 944 884 1018; baseline 0.01 -20"><span class='ocrx_word' id='word_1_68' title='bbox 172 944 241 998; x_wconf 81' lang='lat' dir='ltr'><strong>uum</strong></span> <span class='ocrx_word' id='word_1_69' title='bbox 259 947 310 999; x_wconf 93' lang='lat' dir='ltr'><strong>tibi</strong></span> <span class='ocrx_word' id='word_1_70' title='bbox 328 947 368 1001; x_wconf 92' lang='lat' dir='ltr'><strong>sol</strong></span> <span class='ocrx_word' id='word_1_71' title='bbox 385 949 496 1017; x_wconf 88' lang='lat' dir='ltr'><strong>tepidus</strong></span> <span class='ocrx_word' id='word_1_72' title='bbox 513 949 607 1018; x_wconf 89' lang='lat' dir='ltr'><strong>plures</strong></span> <span class='ocrx_word' id='word_1_73' title='bbox 625 949 777 1002; x_wconf 85' lang='lat' dir='ltr'><strong>admoverit</strong></span> <span class='ocrx_word' id='word_1_74' title='bbox 795 966 884 1018; x_wconf 88' lang='lat' dir='ltr'><strong>aures,</strong></span> 
     </span>
    </p>

    <p class='ocr_par' dir='ltr' id='par_1_8' title="bbox 171 1020 1097 1167">
     <span class='ocr_line' id='line_1_12' title="bbox 171 1020 1097 1100; baseline 0.006 -28"><span class='ocrx_word' id='word_1_75' title='bbox 171 1020 226 1088; x_wconf 83' lang='lat' dir='ltr'><strong>Me,</strong></span> <span class='ocrx_word' id='word_1_76' title='bbox 244 1021 373 1077; x_wconf 89' lang='lat' dir='ltr'><strong>libertino</strong></span> <span class='ocrx_word' id='word_1_77' title='bbox 390 1029 485 1078; x_wconf 87' lang='lat' dir='ltr'><strong>natum</strong></span> <span class='ocrx_word' id='word_1_78' title='bbox 502 1028 583 1093; x_wconf 89' lang='lat' dir='ltr'><strong>patre</strong></span> <span class='ocrx_word' id='word_1_79' title='bbox 601 1029 630 1078; x_wconf 85' lang='lat' dir='ltr'><strong>et</strong></span> <span class='ocrx_word' id='word_1_80' title='bbox 647 1024 676 1077; x_wconf 91' lang='lat' dir='ltr'><strong>in</strong></span> <span class='ocrx_word' id='word_1_81' title='bbox 693 1025 771 1077; x_wconf 90' lang='lat' dir='ltr'><strong>tenui</strong></span> <span class='ocrx_word' id='word_1_82' title='bbox 788 1040 826 1091; x_wconf 90' lang='lat' dir='ltr'><strong>re,</strong></span> <span class='ocrx_word' id='word_1_83' title='bbox 996 1046 1018 1084; x_wconf 74' lang='lat' dir='ltr'><strong>sc</strong></span> <span class='ocrx_word' id='word_1_84' title='bbox 1092 1094 1097 1100; x_wconf 20' lang='grc' dir='ltr'><strong><em>ε</em></strong></span> 
     </span>
     <span class='ocr_line' id='line_1_13' title="bbox 171 1095 816 1167; baseline 0.006 -20"><span class='ocrx_word' id='word_1_85' title='bbox 171 1095 291 1164; x_wconf 87' lang='lat' dir='ltr'><strong>Majores</strong></span> <span class='ocrx_word' id='word_1_86' title='bbox 307 1115 410 1166; x_wconf 89' lang='lat' dir='ltr'><strong>pennas</strong></span> <span class='ocrx_word' id='word_1_87' title='bbox 426 1100 492 1153; x_wconf 90' lang='lat' dir='ltr'><strong>nido</strong></span> <span class='ocrx_word' id='word_1_88' title='bbox 510 1099 668 1153; x_wconf 84' lang='lat' dir='ltr'><strong>extendisse</strong></span> <span class='ocrx_word' id='word_1_89' title='bbox 688 1099 816 1167; x_wconf 87' lang='lat' dir='ltr'><strong>loqueris,</strong></span> 
     </span>
    </p>

    <p class='ocr_par' dir='ltr' id='par_1_9' title="bbox 170 1170 873 1241">
     <span class='ocr_line' id='line_1_14' title="bbox 170 1170 873 1241; baseline 0.007 -18"><span class='ocrx_word' id='word_1_90' title='bbox 170 1170 212 1223; x_wconf 92' lang='lat' dir='ltr'><strong>Ut</strong></span> <span class='ocrx_word' id='word_1_91' title='bbox 229 1177 361 1239; x_wconf 88' lang='lat' dir='ltr'><strong>quantum</strong></span> <span class='ocrx_word' id='word_1_92' title='bbox 378 1175 473 1241; x_wconf 83' lang='lat' dir='ltr'><strong>generi</strong></span> <span class='ocrx_word' id='word_1_93' title='bbox 490 1174 586 1228; x_wconf 88' lang='lat' dir='ltr'><strong>demas</strong></span> <span class='ocrx_word' id='word_1_94' title='bbox 602 1173 752 1227; x_wconf 83' lang='lat' dir='ltr'><strong>virtutibus</strong></span> <span class='ocrx_word' id='word_1_95' title='bbox 771 1173 873 1240; x_wconf 84' lang='lat' dir='ltr'><strong>addas3</strong></span> 
     </span>
    </p>

    <p class='ocr_par' dir='ltr' id='par_1_10' title="bbox 171 1245 877 1393">
     <span class='ocr_line' id='line_1_15' title="bbox 171 1245 877 1318; baseline 0.004 -20"><span class='ocrx_word' id='word_1_96' title='bbox 171 1245 218 1298; x_wconf 92' lang='lat' dir='ltr'><strong>Me</strong></span> <span class='ocrx_word' id='word_1_97' title='bbox 235 1247 330 1314; x_wconf 89' lang='lat' dir='ltr'><strong>primis</strong></span> <span class='ocrx_word' id='word_1_98' title='bbox 347 1248 432 1302; x_wconf 89' lang='lat' dir='ltr'><strong>Urbis</strong></span> <span class='ocrx_word' id='word_1_99' title='bbox 449 1249 514 1303; x_wconf 88' lang='lat' dir='ltr'><strong>belli</strong></span> <span class='ocrx_word' id='word_1_100' title='bbox 531 1249 666 1318; x_wconf 80' lang='lat' dir='ltr'><strong>placuisse</strong></span> <span class='ocrx_word' id='word_1_101' title='bbox 683 1248 827 1316; x_wconf 86' lang='lat' dir='ltr'><strong>domique;</strong></span> <span class='ocrx_word' id='word_1_102' title='bbox 875 1245 877 1251; x_wconf 52' lang='lat'><strong><em>⁴</em></strong></span> 
     </span>
     <span class='ocr_line' id='line_1_16' title="bbox 171 1320 843 1393; baseline 0.004 -20"><span class='ocrx_word' id='word_1_103' title='bbox 171 1320 298 1390; x_wconf 81' lang='lat' dir='ltr'><strong>Corporis</strong></span> <span class='ocrx_word' id='word_1_104' title='bbox 315 1324 415 1392; x_wconf 80' lang='lat' dir='ltr'><strong>exigui,</strong></span> <span class='ocrx_word' id='word_1_105' title='bbox 432 1326 603 1393; x_wconf 78' lang='lat' dir='ltr'><strong>praeconum,</strong></span> <span class='ocrx_word' id='word_1_106' title='bbox 622 1323 724 1377; x_wconf 86' lang='lat' dir='ltr'><strong>solibus</strong></span> <span class='ocrx_word' id='word_1_107' title='bbox 742 1327 843 1391; x_wconf 89' lang='lat' dir='ltr'><strong>aptum,</strong></span> 
     </span>
    </p>

    <p class='ocr_par' dir='ltr' id='par_1_11' title="bbox 169 1396 1017 1544">
     <span class='ocr_line' id='line_1_17' title="bbox 170 1396 1017 1468; baseline 0.004 -19"><span class='ocrx_word' id='word_1_108' title='bbox 170 1396 256 1451; x_wconf 82' lang='lat' dir='ltr'><strong>Irasci</strong></span> <span class='ocrx_word' id='word_1_109' title='bbox 273 1398 397 1467; x_wconf 83' lang='lat' dir='ltr'><strong>celerem,</strong></span> <span class='ocrx_word' id='word_1_110' title='bbox 415 1403 508 1454; x_wconf 86' lang='lat' dir='ltr'><strong>tamen</strong></span> <span class='ocrx_word' id='word_1_111' title='bbox 524 1404 557 1453; x_wconf 91' lang='lat' dir='ltr'><strong>ut</strong></span> <span class='ocrx_word' id='word_1_112' title='bbox 574 1399 713 1468; x_wconf 89' lang='lat' dir='ltr'><strong>placabilis</strong></span> <span class='ocrx_word' id='word_1_113' title='bbox 730 1415 826 1453; x_wconf 86' lang='lat' dir='ltr'><strong>essem.</strong></span> <span class='ocrx_word' id='word_1_114' title='bbox 993 1418 1017 1458; x_wconf 50' lang='grc' dir='ltr'><strong>«ις</strong></span> 
     </span>
     <span class='ocr_line' id='line_1_18' title="bbox 169 1471 877 1544; baseline 0.003 -19"><span class='ocrx_word' id='word_1_115' title='bbox 169 1471 254 1526; x_wconf 81' lang='lat' dir='ltr'><strong>Forte</strong></span> <span class='ocrx_word' id='word_1_116' title='bbox 272 1491 362 1528; x_wconf 87' lang='lat' dir='ltr'><strong>meum</strong></span> <span class='ocrx_word' id='word_1_117' title='bbox 380 1475 404 1528; x_wconf 87' lang='lat' dir='ltr'><strong>si</strong></span> <span class='ocrx_word' id='word_1_118' title='bbox 422 1476 484 1544; x_wconf 91' lang='lat' dir='ltr'><strong>quis</strong></span> <span class='ocrx_word' id='word_1_119' title='bbox 503 1478 532 1529; x_wconf 88' lang='lat' dir='ltr'><strong>te</strong></span> <span class='ocrx_word' id='word_1_120' title='bbox 549 1474 755 1544; x_wconf 86' lang='lat' dir='ltr'><strong>percontabitur</strong></span> <span class='ocrx_word' id='word_1_121' title='bbox 772 1490 877 1541; x_wconf 84' lang='lat' dir='ltr'><strong>aevum,</strong></span> 
     </span>
    </p>

    <p class='ocr_par' dir='ltr' id='par_1_12' title="bbox 137 1547 916 1697">
     <span class='ocr_line' id='line_1_19' title="bbox 137 1547 916 1618; baseline 0.008 -20"><span class='ocrx_word' id='word_1_122' title='bbox 137 1582 145 1597; x_wconf 89' lang='lat'><strong>.</strong></span> <span class='ocrx_word' id='word_1_123' title='bbox 168 1547 216 1602; x_wconf 87' lang='lat' dir='ltr'><strong>Me</strong></span> <span class='ocrx_word' id='word_1_124' title='bbox 234 1553 333 1617; x_wconf 87' lang='lat' dir='ltr'><strong>quater</strong></span> <span class='ocrx_word' id='word_1_125' title='bbox 349 1550 473 1605; x_wconf 88' lang='lat' dir='ltr'><strong>undenos</strong></span> <span class='ocrx_word' id='word_1_126' title='bbox 491 1551 558 1605; x_wconf 85' lang='lat' dir='ltr'><strong>sciat</strong></span> <span class='ocrx_word' id='word_1_127' title='bbox 576 1549 731 1618; x_wconf 79' lang='lat' dir='ltr'><strong>implevisse</strong></span> <span class='ocrx_word' id='word_1_128' title='bbox 749 1549 916 1604; x_wconf 86' lang='lat' dir='ltr'><strong>Decembres</strong></span> 
     </span>
     <span class='ocr_line' id='line_1_20' title="bbox 169 1623 843 1697; baseline 0.003 -19"><span class='ocrx_word' id='word_1_129' title='bbox 169 1623 306 1694; x_wconf 79' lang='lat' dir='ltr'><strong>Oollegaur</strong></span> <span class='ocrx_word' id='word_1_130' title='bbox 323 1625 460 1695; x_wconf 83' lang='lat' dir='ltr'><strong>Lepidum</strong></span> <span class='ocrx_word' id='word_1_131' title='bbox 476 1643 531 1697; x_wconf 89' lang='lat' dir='ltr'><strong>quo</strong></span> <span class='ocrx_word' id='word_1_132' title='bbox 548 1626 629 1681; x_wconf 79' lang='lat' dir='ltr'><strong>duxit</strong></span> <span class='ocrx_word' id='word_1_133' title='bbox 646 1625 749 1680; x_wconf 84' lang='lat' dir='ltr'><strong>Lollius</strong></span> <span class='ocrx_word' id='word_1_134' title='bbox 765 1641 843 1680; x_wconf 87' lang='lat' dir='ltr'><strong>anno.</strong></span> 
     </span>
    </p>
   </div>
   <div class='ocr_carea' id='block_1_3' title="bbox 0 0 1142 3550">
    <p class='ocr_par' dir='ltr' id='par_1_13' title="bbox 0 0 1142 3550">
     <span class='ocr_line' id='line_1_21' title="bbox 0 0 1142 3550; baseline 0 5"><span class='ocrx_word' id='word_1_135' title='bbox 0 0 1142 3550; x_wconf 95' lang='lat' dir='ltr'><strong> </strong></span> 
     </span>
    </p>
   </div>
  </div>
 </body>
</html>
