2275 3550
438 209 655 259 SATIRARUM
672 210 694 258 Ι.
713 213 737 260 2.
968 214 1014 261 109

166 287 241 342 Huic
257 288 281 341 si
297 289 416 342 mutonis
433 289 524 342 verbis
541 288 613 341 mala
629 291 708 342 tanta
724 286 844 341 videntis

165 362 278 417 Diceret
288 363 356 416 haec
367 365 486 417 animus:
499 363 596 427 “Quid
608 364 649 417 vis
660 363 731 417 tibia
746 363 881 431 numquid
893 378 944 431 ego
955 380 973 417 a
983 365 1014 418 te

165 437 267 505 Magno
283 441 447 506 prognatum
465 438 581 506 deposco
598 438 707 492 consule
724 455 843 490 cunnum
991 454 1015 493 rs

165 512 349 582 Velatumque
367 515 437 566 stola
453 530 515 566 mea
531 530 593 566 cum
611 513 762 567 conferbuit
779 513 855 568 iral’'

166 586 240 652 Quid
256 588 453 657 responderet?
489 588 614 655 “Magno
631 592 710 656 patre
726 592 793 641 nata
808 588 900 656 puella
916 587 979 642 est.’'

166 663 207 716 At
224 668 326 732 quanto
343 664 455 717 meliora
472 668 565 718 monet
581 664 784 732 pugnantiaque
801 664 862 718 istis

165 738 250 792 Dives
267 740 326 807 opis
342 743 441 793 natura
458 755 530 807 suae,
548 742 581 792 tu
598 739 720 792 simodo
737 742 813 793 recte

165 812 331 882 Dispensare
347 815 415 868 velis
433 830 465 867 ao
481 830 536 868 non
552 814 684 882 fugienda
700 814 830 882 petendis
990 829 1015 870 rs

165 889 330 948 Immiscere.
365 890 422 943 Tuo
439 890 506 943 vitio
523 907 652 944 rerumne
669 889 777 943 labores

164 963 213 1017 Nil
229 966 331 1019 referre
348 967 447 1034 putas?
484 966 574 1030 Quare
591 981 627 1018 ne
644 965 784 1032 poeniteat
800 968 830 1019 te

165 1038 266 1093 Desine
282 1045 420 1093 matronas
438 1041 575 1109 sectarier,
592 1041 667 1094 unde
683 1040 785 1093 laboris

165 1113 232 1166 Plus
248 1115 359 1168 haurire
375 1116 440 1167 mali
457 1119 500 1169 est
517 1132 600 1184 quam
618 1132 653 1167 ex
670 1131 701 1168 re
719 1115 867 1182 decerpere
884 1115 996 1168 fmctus

164 1189 192 1242 N
194 1205 224 1242 eo
241 1191 328 1257 magis
344 1190 408 1242 huic
424 1190 497 1242 inter
514 1190 607 1242 niveos
624 1188 781 1257 viridesque
798 1189 903 1256 lapillos
990 1206 1013 1243 so

166 1263 293 1330 (Sitlicet
301 1265 359 1331 hoc,
371 1263 509 1330 Cerinthe,
518 1264 606 1328 tuum)
614 1266 739 1316 tenerum
749 1266 791 1316 est
799 1264 888 1316 femur
897 1267 1018 1317 antcrns'

165 1338 285 1407 Rectius,
303 1344 386 1408 atque
403 1339 487 1392 etiam
505 1337 602 1391 melius
618 1353 751 1406 persaepe
766 1341 877 1405 togatae
895 1342 945 1392 est.

164 1414 248 1467 Adde
265 1414 320 1467 huc
337 1413 411 1483 quod
428 1428 546 1467 mercem
564 1413 622 1466 sine
640 1413 709 1487 fiscis
725 1416 824 1481 gestat,
843 1417 938 1483 aperte

164 1489 245 1554 Quod
262 1489 358 1542 venale
374 1489 460 1542 habet
477 1488 606 1553 ostendit,
624 1504 675 1541 nec
692 1487 715 1540 si
732 1487 800 1556 quid
816 1489 923 1543 honesti
941 1492 985 1544 est

163 1565 258 1618 Jactat
274 1564 412 1632 habetque
428 1564 525 1632 pelam,
545 1563 653 1631 quaerit
670 1580 724 1632 quo
741 1564 833 1632 turpia
850 1565 928 1618 celet.
988 1579 1013 1618 ss

163 1640 285 1708 Regibus
302 1641 346 1693 hio
363 1656 421 1693 mos
439 1642 495 1698 est:
512 1639 560 1692 ubi
578 1655 664 1708 equos
681 1644 837 1692 mercantur
854 1643 964 1707 opertos

163 1715 322 1786 Inspiciunt,
341 1732 377 1768 ne
389 1716 417 1781 ⁴si
434 1715 518 1767 facies
535 1718 568 1768 ut
586 1731 666 1784 saepe
684 1715 783 1768 deeora

162 1791 240 1844 Molli
257 1792 327 1844 fulta
343 1791 415 1858 pede
433 1794 477 1843 est
495 1794 645 1862 emptorem
663 1790 776 1843 inducat
793 1790 922 1857 hiantem,

163 1865 244 1929 Quod
261 1866 388 1932 pulchrae
406 1865 505 1930 clunes,
516 1864 602 1916 breve
620 1865 694 1931 quod
712 1868 801 1931 caput,
813 1864 899 1916 ardua
912 1864 1012 1917 cervix.

163 1939 225 1994 Hoc
242 1940 282 1993 illi
299 1943 391 1993 reete:
408 1956 443 1992 ne
460 1939 580 2007 eorporis
597 1937 701 2005 optima
718 1937 818 2004 Lyncei
988 1954 1012 1992 so

163 2015 355 2083 Contemplere
373 2013 464 2081 oculis,
482 2013 610 2081 Hypsaea
627 2012 731 2065 caecior
748 2013 795 2065 illa

163 2090 239 2153 Quae
256 2090 329 2143 mala
345 2092 410 2142 sunt
427 2091 540 2156 spectes.
576 2087 600 2140 Ο
618 2091 693 2141 ortis!
712 2104 729 2140 o
746 2086 870 2143 brachia!
907 2087 1012 2142 Verum

162 2165 294 2234 Depugis,
312 2168 417 2234 nasuta,
434 2163 511 2217 brevi
528 2163 616 2216 latere
635 2178 666 2216 ac
683 2163 755 2231 pede
772 2164 852 2231 longo
869 2166 919 2219 est.

161 2239 304 2294 Matronae
320 2243 431 2309 praeter
447 2238 544 2295 faciem
561 2237 600 2290 nil
617 2253 728 2291 cernere
745 2238 840 2305 possis,

162 2316 269 2384 Cetera,
286 2316 314 2368 ni
333 2315 412 2368 Uatia
429 2317 479 2380 est,
498 2313 615 2366 demissa
632 2315 709 2366 veste
727 2314 853 2379 tegentis.
989 2331 1014 2370 95

162 2390 191 2446 Si
208 2391 355 2445 interdicta
371 2393 456 2461 petes,
475 2389 544 2442 vallo
562 2388 729 2441 circumdata
747 2405 819 2455 pram
837 2392 867 2442 te

163 2465 224 2521 Hoc
240 2467 306 2520 facit
322 2466 463 2531 insanum),
481 2464 583 2517 multae
600 2462 653 2516 tibi
670 2466 730 2516 tum
747 2463 866 2518 officient
882 2480 936 2531 res,

163 2541 304 2610 Custodes,
320 2541 424 2609 lectica,
441 2538 587 2605 ciniflones
605 2538 747 2606 parasitae,

164 2616 210 2669 Ad
227 2616 384 2671 talossstola
401 2615 519 2670 demissa
535 2618 564 2668 et
582 2613 749 2667 circumdata
765 2614 846 2685 palla,

6 2749 9 2756 ,
65 2707 68 2712 ·
163 2690 284 2744 Plurima
300 2708 370 2758 quae
386 2690 529 2744 invideant
546 2705 616 2758 pure
633 2705 766 2760 apparere
783 2691 835 2744 tibi
853 2708 920 2746 rem.
978 2707 1012 2746 roo

163 2766 262 2820 Altera
277 2767 316 2819 nil
334 2766 442 2821 obstat:
460 2765 523 2819 (lois
540 2763 594 2818 tibi
610 2781 697 2832 paene
714 2765 808 2820 videre
825 2771 870 2821 est

162 2840 205 2894 Ut
221 2840 329 2911 nudam,
345 2857 381 2894 ne
399 2857 477 2895 crure
494 2840 573 2910 malo,
590 2856 626 2893 ne
644 2839 680 2905 sit
696 2840 769 2909 pede
786 2842 876 2910 turpi;

162 2913 258 2971 Metiri
274 2916 362 2983 possis
379 2916 455 2968 oculo
471 2915 552 2972 latus.
587 2915 634 2973 An
649 2915 701 2969 tibi
718 2917 805 2970 mavis

163 2990 282 3044 Insidias
299 2990 359 3043 fieri
375 2991 549 3061 pretiumque
567 2989 678 3043 avellier
694 2996 759 3044 ante

162 3064 249 3129 Quam
266 3081 386 3122 meroem
402 3065 526 3119 ostendii
551 3064 705 3133 “Leporem
722 3070 836 3126 venator
851 3072 883 3121 ut
898 3068 955 3122 alta
978 3082 1012 3122 los

161 3140 197 3196 In
213 3141 275 3194 nire
294 3143 421 3206 sectetur,
438 3140 556 3206 positum
575 3140 613 3193 sic
630 3143 745 3206 tangere
762 3142 852 3210 nolit,”

161 3217 262 3272 Cantat
279 3220 308 3272 et
324 3215 450 3287 apponit:
468 3215 568 3269 “Meus
585 3218 629 3269 est
646 3232 722 3269 amor
739 3216 803 3271 huic
820 3217 930 3285 similis3
946 3233 1011 3272 nam
