2275 3550
440 207 776 260 summamus·
872 227 874 233 ·
967 214 1013 263 119

165 288 189 343 0
207 291 255 359 qui
272 291 427 359 complexus
445 295 474 344 et
490 290 591 358 gaudia
608 292 711 358 quanta
727 288 855 344 fuerunt!

163 364 211 418 Nil
229 382 280 433 ego
298 365 459 420 contulerim
472 366 596 434 jucundo
614 381 696 418 sanus
713 365 808 417 amico.

163 438 293 493 Proxima
309 441 447 510 Campano
464 442 542 510 ponti
560 457 630 509 quae
647 439 747 506 villula,
765 442 870 493 tectum
989 449 1012 488 45

163 515 303 584 Praebuit,
321 520 351 571 et
366 516 477 587 parochi
495 533 565 586 quae
582 515 685 570 debent
702 515 777 583 ligna
794 515 940 586 salemque.

164 590 238 645 Hinc
254 592 321 646 muli
339 592 448 661 (lapuae
466 593 582 648 clitellas
599 596 724 660 tempore
740 594 854 659 ponunt.

165 665 267 720 Lusum
284 667 308 721 it
324 667 476 736 Maecenas,
495 668 644 723 dormitum
662 684 712 735 ego
730 666 917 734 virgiliusque
922 687 931 734 ;

163 740 290 813 Namque
307 743 362 812 pila
377 744 459 813 lippis
476 744 615 798 inimicum
632 747 661 798 at
678 742 775 796 ludere
792 743 891 798 crudis.

141 866 144 872 ,
164 817 237 871 Hinc
254 835 304 872 nos
322 818 427 874 Cocceii
444 820 542 889 recipit
558 817 715 887 plenissima
732 818 796 872 villa
993 836 1015 874 so

164 892 241 957 Quae
259 899 402 963 superest
420 896 507 951 Caudi
525 911 669 965 cauponas.
704 895 730 948 N
732 912 785 948 unc
802 893 869 947 milri
886 895 980 964 paucis

46 1018 50 1025 ,
163 968 301 1023 Sarmenti
319 987 428 1032 scurrae
445 988 562 1041 pugnam
583 971 723 1040 Messique
742 970 866 1038 Cicirrhi,

163 1043 252 1113 Musa,
270 1046 352 1100 velim
368 1064 511 1115 memores,
529 1051 559 1101 et
577 1064 630 1114 quo
647 1050 728 1115 patre
745 1049 827 1099 natus
844 1049 962 1115 uterque

165 1119 319 1175 Contulerit
334 1121 405 1176 lites.
440 1122 525 1176 Messi
541 1122 644 1175 clarum
661 1137 747 1189 genus
765 1121 843 1186 Osci;

165 1193 301 1249 Sarmenti
319 1196 430 1250 domina
446 1200 552 1251 exstat:
568 1196 605 1250 ab
621 1197 664 1249 his
681 1195 829 1264 majoribus
846 1197 900 1250 orti
994 1217 1013 1250 c

165 1268 214 1324 Ad
230 1286 349 1339 pugnam
366 1287 472 1326 venere.
507 1271 587 1324 Prior
603 1271 777 1325 Sarmentus:
796 1271 888 1340 “Equi
904 1277 935 1327 te

164 1344 234 1399 Esse
250 1346 303 1399 ieri
320 1347 435 1400 similem
453 1346 535 1400 dico.’'
571 1345 703 1399 Ridemus
720 1350 750 1401 et
766 1346 824 1414 ipse

164 1421 284 1476 Messius
302 1422 461 1492 “Accipioss’
479 1425 561 1490 caput
578 1425 608 1477 et
624 1425 721 1476 movet.
757 1421 812 1489 “0,
830 1426 878 1476 tua
895 1438 980 1477 cornu

163 1496 202 1551 Ni
218 1497 291 1551 foret
307 1502 417 1552 exsecto
435 1498 530 1565 frons,”
547 1497 645 1566 inquit,
662 1496 750 1566 “quid
765 1497 875 1564 faceres,
894 1514 956 1552 cum

164 1572 209 1626 Sic
225 1574 337 1627 mutilus
354 1573 489 1627 miniteris
497 1573 522 1626 l’
558 1572 600 1626 At
616 1572 657 1625 illi
674 1572 755 1626 foeda
773 1573 882 1627 cicatrix
993 1591 1014 1628 so

163 1648 287 1703 Setosam
304 1649 374 1703 laevi
389 1649 508 1703 frontem
524 1652 685 1717 turpaverat
702 1649 763 1703 oris.

164 1723 331 1794 Campanum
348 1725 377 1779 in
394 1725 527 1794 morbum,
544 1725 573 1778 in
590 1724 687 1779 faciem
704 1723 842 1794 permulta
853 1724 970 1795 jocatus,

137 1810 140 1816 ’
164 1801 308 1856 Pastorem
326 1802 440 1855 saltaret
457 1803 500 1855 uti
518 1801 636 1869 Cyclopa
652 1802 783 1868 rogabat:
905 1805 910 1812 '
954 1865 958 1870 Ι

163 1876 212 1931 Nil
228 1877 269 1930 illi
286 1877 361 1930 larva
379 1882 427 1931 aut
444 1876 556 1944 tragicis
574 1893 643 1945 opus
660 1893 721 1930 esse
738 1877 884 1931 cothurnis.
901 1911 910 1942 ·,
945 1877 951 1888 ¹
976 1867 1029 1938 ,lec

163 1952 258 2006 Multa
271 1952 411 2006 Cicirrhus
428 1952 464 2005 ad
481 1952 565 2007 haec:
583 1952 718 2006 Donasset
732 1952 826 2019 jamne
844 1955 968 2022 catenam
988 1971 1012 2010 cs

164 2027 207 2082 Ex
224 2029 288 2082 voto
306 2027 429 2095 Laribus,
447 2026 613 2096 quaerebat;
629 2027 718 2080 scriba
736 2028 811 2096 quod
830 2034 911 2098 esset,

162 2103 258 2156 Nihilo
275 2102 398 2157 deterius
415 2102 540 2156 dominae
554 2102 603 2170 jus
620 2117 687 2156 esse.
721 2102 846 2170 Rogabat

163 2178 289 2248 Denique
307 2195 356 2232 eur
372 2194 493 2247 unquam
509 2177 632 2246 fugisset,
649 2178 693 2231 cui
710 2178 777 2233 satis
794 2179 849 2232 ima

163 2253 256 2308 Pariis
273 2254 343 2308 libra
359 2254 432 2308 foret
450 2253 545 2322 gracili
562 2253 601 2306 sic
617 2257 729 2322 tamque
746 2254 852 2322 pusillo.

163 2330 279 2384 Prorsus
293 2329 416 2398 jucunde
433 2345 545 2383 coenam
561 2329 741 2398 produximus
758 2329 840 2383 illam.
983 2344 1007 2382 ro

162 2406 311 2459 Tendimus
328 2405 392 2459 hinc
410 2409 487 2459 recta
504 2404 701 2471 Beneventum,
719 2404 768 2457 ubi
786 2404 897 2459 sedulus
913 2407 1012 2475 hospes

162 2482 252 2537 Paene
268 2497 373 2536 macros
390 2481 458 2535 arsit
476 2480 542 2533 dum
559 2480 656 2533 turdos
673 2483 766 2533 versat
782 2479 811 2533 in
828 2481 885 2549 igni
894 2501 902 2545 ;

162 2556 234 2611 Nam
251 2572 320 2626 vaga
336 2573 387 2626 per
402 2560 526 2612 veterem
543 2554 649 2624 dilapso
666 2555 775 2609 flamma
792 2557 908 2610 culinam

162 2632 285 2686 Vulcano
302 2649 436 2686 summum
454 2632 620 2701 properabat
637 2631 758 2684 lambere
775 2636 887 2688 tectum.

162 2708 294 2762 Convivas
311 2708 405 2762 avidos
421 2724 532 2762 coenam
550 2723 696 2775 servosque
714 2707 845 2760 timentes
989 2721 1013 2763 rs

162 2783 230 2837 Tum
248 2800 353 2854 rapere,
370 2787 455 2852 atque
471 2799 564 2837 omnes
581 2784 752 2851 restinguere
769 2782 840 2837 velle
856 2782 970 2837 videres.

162 2859 264 2929 Incipit
281 2876 315 2913 ex
332 2860 380 2913 illo
397 2864 504 2914 montes
523 2860 625 2928 Apulia
642 2864 722 2912 notos

162 2935 309 2989 Ostentare
325 2934 401 3003 mihi,
420 2951 488 3004 quos
504 2939 594 2988 torret
615 2934 750 2988 Atabulus
768 2938 797 2989 et
815 2950 882 3003 quos

160 3011 309 3081 Nunquam
327 3027 484 3080 erepsemus
500 3011 554 3063 nisi
571 3027 621 3064 nos
638 3011 726 3064 vicina
742 3009 840 3063 Trivici

160 3084 234 3140 Villa
251 3087 406 3155 recepisset,
424 3086 564 3139 lacrimoso
582 3103 636 3138 non
655 3087 711 3139 siue
729 3085 811 3151 fumo,
994 3090 1017 3127 8⁰

161 3155 239 3215 Udos
256 3178 318 3215 cum
335 3161 407 3214 loliis
424 3177 513 3214 ramos
530 3166 628 3214 urente
645 3162 758 3215 camino.

161 3236 217 3290 Hic
234 3253 286 3304 ego
302 3237 463 3291 mendacem
480 3236 657 3291 stultissimus
674 3252 762 3306 usque
779 3235 899 3304 puellam
