2275 3550
408 196 553 246 EPODON
570 198 688 258 LIBER,
706 201 732 251 9.·
964 200 999 252 95

251 275 313 332 Nec
332 277 368 331 sit
385 278 491 347 marito,
511 296 582 348 quae
600 278 805 335 rotundioribus

288 351 394 406 Onusta
411 353 501 407 baccis
518 353 648 410 ambulet

252 425 333 494 Quid,
352 427 427 496 quod
443 428 528 482 libelli
547 430 631 483 Stoici
644 430 724 484 inter
742 430 844 485 sericos
976 448 999 488 rt

284 502 384 557 Jacerc
401 504 527 573 pulvillos
545 509 656 561 amant:

251 575 380 632 Illiberali
398 596 465 633 num
482 581 572 634 minus
590 582 668 635 nervi
685 581 784 649 rigent,

285 652 411 708 Minusve
429 655 542 722 languet
558 657 710 710 fascinum?

251 726 331 792 Quod
350 732 384 782 ut
400 730 520 798 superbo
539 747 668 799 provoces
688 730 724 785 ab
742 731 862 801 inguine,

276 802 332 857 Ore
350 804 553 860 allaborandum
574 810 618 861 est
637 806 698 861 tibi.
975 826 999 865 so

250 1031 369 1097 Qnunno
384 1036 525 1101 repostum
545 1034 701 1088 Caecubum
719 1031 757 1086 acl
774 1031 859 1086 festas
877 1031 964 1101 dapes

283 1106 396 1162 Victore
413 1109 504 1162 laetus
522 1109 641 1162 Caesare
1019 1117 1023 1125 '

250 1180 350 1235 Tecum
369 1182 420 1235 sub
440 1184 569 1237 alta-sic
589 1184 654 1237 Jovi
673 1182 907 1251 gratum-domo,

284 1256 371 1310 Beate
389 1257 541 1325 chenas,
560 1258 654 1311 bibam

249 1330 368 1385 Souante
386 1331 502 1386 mixtum
516 1333 594 1387 tibiis
612 1350 721 1389 carmen
740 1333 815 1403 lyrae

283 1406 345 1460 Hac
362 1407 484 1476 Dorium,
502 1409 557 1462 illis
571 1409 736 1465 barbarum?

247 1479 289 1535 Ut
306 1498 401 1551 nuper,
421 1487 500 1538 actus
520 1501 583 1539 eum
601 1485 675 1539 freto
692 1485 851 1555 Neptunius

281 1556 345 1611 Dux
363 1558 436 1626 fugit
454 1559 527 1614 ustis
542 1560 666 1629 navibus,
702 1614 705 1618 Α

204 1629 207 1634 ’
246 1631 370 1687 Minatus
388 1634 459 1688 Urbi
477 1636 572 1705 vincla,
591 1653 662 1706 quae
681 1637 839 1692 detraxerat

280 1708 374 1763 Servis
391 1710 494 1765 amicus
511 1712 633 1780 perfidis.
978 1727 1000 1765 ro

247 1782 506 1854 Romanus—eheu,
525 1789 631 1855 posteri
648 1788 819 1856 negabitis-

280 1858 476 1929 Emancipatus
491 1862 612 1915 feminac

246 1933 315 1988 liert
334 1936 435 1989 vallum
455 1940 486 1990 et
503 1954 581 1989 arma
598 1936 678 1991 miles
698 1941 729 1993 et
749 1933 919 2006 spadonibus

281 2010 392 2065 Servire
408 2011 517 2078 rugosis
536 2014 636 2080 potest,

246 2083 380 2155 Interque
400 2087 480 2155 signa
496 2091 578 2155 turpe
598 2087 727 2145 militana
977 2102 1000 2143 15
1025 2081 1037 2102 ⁸

280 2160 326 2215 Sol
344 2161 463 2230 adspicit
481 2163 634 2232 conopium.

246 2235 288 2291 At
305 2236 359 2290 huc
377 2237 526 2292 frementes
544 2241 688 2294 verterunt
705 2239 750 2295 bis
769 2238 844 2294 mille
865 2237 964 2309 equos'
985 2277 988 2282 -

279 2310 358 2380 Galli,
377 2316 506 2367 canentes
525 2314 679 2383 Gaesarem,

245 2383 451 2457 Hostiliumque
468 2389 578 2443 navium
596 2394 680 2459 portu
697 2389 788 2446 latent

279 2461 391 2532 Puppes
410 2464 597 2518 sinistrorsum
616 2466 694 2520 citae.
973 2480 997 2518 ro

245 2535 278 2590 Io
298 2537 454 2609 Triumphe,
470 2544 503 2594 tu
521 2542 638 2595 moraris
655 2557 755 2595 aureos

279 2613 384 2669 curun
403 2620 434 2670 et
451 2616 571 2671 intactas
589 2616 691 2672 boves?

246 2685 278 2741 Io
296 2689 451 2760 l'riumphc,
472 2709 523 2747 nec
541 2693 561 2746 J
563 2693 710 2761 ugurtbino
727 2709 823 2763 parem

278 2764 356 2819 Bello
374 2768 523 2835 reportasti
542 2768 649 2838 ducem,

245 2836 343 2907 Neque
365 2841 533 2912 Africanum,
553 2844 597 2898 cui
616 2860 700 2912 super
718 2846 918 2916 Karthaginem
972 2866 997 2904 25

278 2914 376 2969 Virtus
395 2917 548 2984 sepulcrum
567 2919 699 2974 condidit.

244 2985 330 3043 rena
347 2992 478 3061 marique,
488 2993 578 3048 victus
597 2995 684 3049 hostis
702 2996 802 3064 punico

278 3063 409 3134 Lugubre
428 3070 545 3123 mutarit
563 3086 667 3138 sagum.

246 3138 305 3195 Aut
322 3141 370 3195 ille
388 3147 499 3198 centum
518 3145 638 3199 nobilem
657 3144 769 3200 Oretum
786 3144 904 3202 urbibus

276 3215 375 3273 Ventis
391 3219 481 3274 iturus
498 3236 553 3274 non
570 3221 635 3287 suia
946 3232 950 3244 '
972 3240 996 3279 so
