2275 3550
435 192 642 241 unanimum
659 192 681 238 1.
700 194 723 252 a,
741 195 765 243 o.

553 335 639 389 VIII.

344 419 445 485 Lenis,
463 417 514 483 dic,
531 434 582 484 per
598 435 691 472 omnes

275 494 313 549 Te
328 493 396 547 deos
413 509 468 559 oro,
488 492 602 560 Sybarin
619 510 667 546 our
684 509 815 562 properas
832 494 948 548 amando

344 568 482 632 Perderc3
500 585 548 621 eur
565 569 686 635 apricum

275 644 373 698 Oderit
391 659 516 711 campum
533 644 640 711 patiens
656 639 776 712 pulveris
794 646 877 713 atque
895 643 977 698 solisl

343 720 399 773 Cur
416 735 506 786 noque
523 718 648 772 militaris
1008 733 1022 775 ε

275 794 354 849 Inter
371 793 499 862 aequales
516 794 630 861 equitat,
649 793 752 848 Gallica
769 810 818 848 nec
835 793 936 863 lupatis

342 870 488 937 Temperat
506 885 554 922 ora
571 868 675 923 frenis?

275 945 330 1000 Gur
343 945 424 998 timet
438 945 537 998 flavum
553 944 673 998 Tiberim
687 947 820 1013 tangeret
850 945 906 1000 Cur
919 946 1020 999 olivum

344 1020 480 1088 Sanguine
497 1019 618 1088 viperino

248 1154 251 1161 ,
275 1096 387 1152 Cautius
405 1095 480 1161 vitat,
498 1112 588 1164 neque
601 1095 661 1163 jain
678 1095 762 1150 livida
777 1099 869 1164 gestat
887 1097 969 1149 armis
998 1112 1020 1151 ro

259 1179 264 1187 ’
343 1170 460 1224 Brachia
477 1187 558 1238 saepe
571 1171 658 1237 disco,

275 1247 363 1316 Saepe
380 1250 456 1299 trans
474 1246 556 1298 finem
569 1245 662 1312 jaculo
680 1243 778 1298 nobilis
795 1246 943 1315 expedito?

344 1321 418 1384 Quid
435 1321 512 1388 latet,
529 1323 561 1373 ut
579 1321 699 1373 marinae

274 1396 375 1452 Filium
393 1395 488 1449 dicunt
505 1395 631 1448 Thetidis
648 1395 699 1448 sub
716 1394 857 1450 lacrimosa
875 1396 972 1466 Trojae

343 1472 452 1525 Funera
468 1487 504 1524 ne
521 1470 607 1524 virilis
997 1489 1020 1528 1⁵
1055 1533 1058 1540 ¹

275 1546 371 1603 Cultus
386 1547 415 1600 in
429 1545 542 1601 medem
556 1550 585 1600 et
601 1546 697 1616 Lycias
711 1546 867 1618 proriperet
882 1550 1019 1604 catervasl
1072 1577 1074 1580 ·

569 1686 621 1741 IX.

308 1770 396 1825 Vmes
413 1773 446 1825 ut
463 1771 519 1825 alta
536 1773 594 1824 stet
610 1770 672 1824 nive
690 1769 838 1826 candidum

308 1846 427 1911 Soracte,
445 1863 495 1899 nec
509 1845 569 1913 jam
587 1846 740 1899 sustineant
757 1863 825 1900 onus

342 1922 431 1975 Silvae
449 1921 605 1974 laborantes
622 1920 740 1992 geluque

377 1996 504 2049 Flumina
521 1995 693 2049 constiterint
710 1999 797 2051 acuto.

307 2070 431 2124 Dissolve
448 2070 534 2137 frigus
552 2070 625 2137 ligna
643 2086 726 2138 super
742 2071 802 2123 foco
1007 2089 1021 2131 5

308 2146 397 2213 Largo
415 2162 556 2213 reponens,
575 2149 658 2214 atque
676 2145 818 2212 benignius

342 2221 479 2289 Deprome
498 2220 671 2289 quadrimum
690 2220 798 2289 Sabina,

377 2298 400 2348 0
420 2297 585 2364 Thaliarche,
604 2313 710 2351 merum
729 2297 812 2353 diota

308 2372 443 2427 Permitte
460 2372 530 2425 divis
547 2376 647 2441 cetera,
664 2372 712 2441 qui
730 2373 809 2427 simul

309 2448 436 2512 Stravore
453 2451 548 2501 ventos
565 2464 684 2516 aequore
700 2447 806 2501 fervido
998 2464 1020 2505 lo

342 2523 550 2591 Deproeliantcs
567 2539 618 2576 nec
635 2523 756 2590 cupressi

376 2599 402 2651 N
405 2615 435 2651 ec
452 2602 559 2652 veteres
577 2598 715 2665 agitantur
732 2598 798 2652 orni.

310 2673 381 2738 Quid
398 2674 435 2727 sit
452 2674 576 2727 futurum
593 2690 653 2727 cras
670 2674 734 2741 fuge
752 2690 892 2742 quaerere,
909 2677 938 2731 et

308 2749 395 2814 Quem
414 2749 482 2801 Fors
500 2749 607 2801 dierum
625 2765 731 2817 cunque
749 2748 826 2803 dabit
843 2750 919 2804 lucro

343 2826 468 2893 Appone,
485 2840 535 2878 nec
553 2824 647 2892 dulces
664 2840 770 2877 amores
998 2841 1020 2881 ιε

378 2901 482 2968 Sperne
498 2915 567 2968 puer
584 2916 673 2968 neque
690 2902 722 2951 tu
739 2899 857 2969 choreas,

309 2973 403 3029 Donec
419 2974 519 3028 virenti
537 2975 648 3027 canities
666 2974 744 3027 abest

309 3049 425 3104 Morosa.
460 3050 485 3101 N
487 3066 540 3103 nnc
557 3054 587 3103 et
604 3066 714 3117 campus
732 3051 761 3102 et
778 3064 858 3103 areae

344 3124 487 3192 Lenesqne
505 3125 555 3177 sub
572 3128 680 3177 noctem
698 3124 802 3177 susurri

379 3199 536 3267 Composita
552 3202 712 3268 repetantur
729 3198 813 3264 hora;
996 3216 1020 3256 so
