2275 3550
421 192 638 245 SATIRARUM
654 194 692 244 Π.
710 198 734 244 8.
949 200 994 252 157

146 269 290 332 Ridiculus
306 281 380 332 totas
397 273 481 331 semel
498 274 646 329 obsorbere
663 273 817 344 placentas3

146 353 336 407 Nomentanus
352 351 389 406 ad
405 350 465 418 hoc,
482 351 530 420 qui
547 351 571 403 si
589 349 656 419 quid
673 350 745 404 forte
763 350 863 406 lateret
973 369 997 410 25

148 428 245 482 Indice
262 431 427 482 monstraret
445 427 545 494 digito:
564 443 627 490 nam
645 429 738 479 cetera
755 426 844 494 turba,

147 504 214 571 Nos,
231 504 351 571 inquam,
368 519 512 556 coenamus
529 518 600 569 aves,
618 501 762 569 conchylia,
778 502 875 571 pisces,

147 576 242 646 Longe
259 577 419 631 dissimilem
435 581 501 632 noto
518 576 636 631 celantia
652 592 776 641 succum3

147 653 190 707 Ut
206 653 249 706 vel
267 653 394 707 continuo
410 653 508 722 patuit,
526 653 589 707 cum
605 651 724 721 passeris
741 655 825 721 atque

149 728 294 796 Ingustata
310 728 376 782 mihi
392 731 552 797 porrexerat
569 727 617 781 ilia
633 727 746 781 rhombi.
935 785 938 790 ,
975 744 999 784 ao

150 803 217 858 Post
233 804 284 857 hoc
301 820 346 858 me
364 803 457 858 docuit
473 803 610 856 melimela
627 801 727 856 rubere
744 802 877 858 minorem

151 878 198 933 Ad
215 878 306 947 lunam
324 878 437 933 delecta
473 877 546 942 Quid
562 878 614 932 hoc
631 878 741 932 intersit
758 878 793 931 ab
810 879 870 947 ipso

150 953 282 1008 Audieris
298 954 403 1007 melius
438 953 507 1007 Tum
525 953 655 1007 Vibidius
673 953 827 1008 Balatroni:

150 1028 208 1082 Nos
225 1029 278 1081 nisi
296 1028 426 1083 damnose
443 1028 563 1082 bibimus
580 1029 727 1081 moriemur
744 1028 838 1085 inultir

151 1104 188 1157 Et
205 1104 301 1158 calices
318 1105 407 1174 poscit
423 1104 549 1172 majores.
585 1103 704 1157 Vertere
721 1104 808 1171 pallor
977 1120 1001 1161 ⁸5

151 1178 221 1231 'lum
237 1179 347 1247 parochi
360 1174 462 1233 'faciem
479 1179 518 1232 nil
535 1178 575 1231 sic
591 1179 739 1232 metuentis
755 1182 788 1232 ut
804 1194 882 1234 acres

153 1254 275 1322 Potores,
292 1253 335 1307 vel
353 1253 427 1323 quod
443 1253 515 1307 male
532 1253 628 1306 dicunt
644 1253 757 1307 liberius
773 1254 825 1308 vel

152 1329 271 1383 Fervida
288 1329 362 1397 quod
379 1328 481 1383 subtile
498 1328 649 1382 exsurdant
666 1329 730 1382 vina
746 1329 875 1398 palatum.

153 1405 300 1458 Invertunt
318 1404 445 1458 Allifanis
461 1404 565 1458 unaria
582 1406 642 1457 tota

152 1478 280 1533 Vibidius
300 1479 473 1547 Balatroque,
492 1478 593 1532 secutis
609 1477 751 1544 omnibus;
767 1480 829 1534 imi·
980 1495 1004 1536 ro

152 1555 287 1609 Convivae
303 1554 368 1609 lecti
384 1554 498 1607 nihilum
515 1570 634 1609 nocuere
650 1553 762 1622 lagenis.

153 1630 276 1683 Affertur
293 1630 404 1699 squillas
421 1630 495 1684 inter
511 1645 642 1683 muraena
658 1633 784 1684 natantes

153 1705 188 1758 In
195 1706 426 1775 patinaporreota.
442 1704 499 1758 Sub
505 1705 1001 1777 hochemsz‘Haecgrarida’inquit,

153 1781 256 1850 ‘Capta
273 1784 324 1848 est,
343 1780 463 1835 deterior
480 1784 542 1848 post
559 1784 669 1849 partum
686 1797 767 1834 carne
784 1781 885 1836 futura

154 1856 208 1910 His
225 1857 341 1909 mixtum
355 1854 402 1922 jus
419 1859 478 1908 est:
496 1855 556 1907 oleo
574 1853 648 1922 quod
663 1855 751 1922 prima
768 1855 882 1910 Venafri
979 1851 1002 1922 4'5

128 1939 132 1945 ’
154 1931 261 1984 Pressit
277 1930 361 1994 cella3
376 1945 443 1996 garo
460 1930 496 1982 dc
513 1930 601 1982 succis
618 1928 699 1996 piscis
717 1929 829 1996 Hiberi;

154 2005 228 2058 Vino
246 2003 421 2074 quinquenni,
438 2020 534 2057 verum
551 2004 621 2057 citra
637 2019 713 2056 mare
730 2007 802 2071 nato,

155 2080 229 2133 Dum
247 2080 484 2152 coquitur—cocto
502 2078 601 2133 Chium
619 2078 658 2132 sic
674 2078 806 2147 convenit,
823 2077 865 2133 ut'
873 2095 928 2133 non

156 2156 218 2210 Hoc
235 2156 322 2223 magis
338 2155 425 2210 ullum
441 2154 661 2222 aliud3-pipere
677 2153 748 2222 albo,
764 2170 818 2207 non
836 2155 896 2209 sine
912 2158 997 2222 aceto,

156 2231 236 2295 Quod
254 2231 475 2299 Methymnaeam
492 2230 559 2284 vitio
576 2229 724 2284 mutaverit
741 2246 829 2284 uvam.
974 2246 998 2286 uo

157 2307 259 2360 Erucas
277 2306 386 2375 virides,
404 2305 492 2360 inulas
509 2322 560 2374 ego
577 2305 682 2374 primus
698 2322 805 2359 amaras

118 2403 121 2409 ⁴
157 2382 306 2436 Monstravi
324 2383 475 2450 incoquere,
494 2382 596 2436 inlutos
615 2381 746 2436 Curtillus
763 2381 881 2450 echinos,

157 2456 198 2510 Ut
214 2457 311 2511 melius
328 2457 416 2511 muria
433 2457 508 2525 quod
525 2460 599 2512 testa
616 2457 719 2511 marina
737 2457 875 2511 remittat’

158 2533 270 2588 Interea
286 2549 417 2602 suspensa
433 2549 529 2601 graves
546 2532 641 2586 aulaea
657 2532 750 2585 ndnas

158 2609 192 2662 In
210 2608 331 2678 patinam
347 2609 446 2675 fecere,
464 2608 603 2662 trahentia
618 2607 738 2676 pulveris
755 2607 809 2662 atri
976 2611 1000 2652 ⁵⁵

159 2685 297 2749 Quantum
315 2701 369 2738 nou
387 2684 489 2753 Aquilo
508 2683 653 2753 Campanis
671 2683 774 2736 excitat
788 2683 871 2751 agris.

158 2759 185 2812 N
187 2776 217 2813 os
234 2762 323 2828 majus
341 2759 422 2813 veriti
438 2763 586 2829 postquam
602 2759 670 2812 nihil
688 2775 748 2812 esse
765 2757 860 2827 pericli

159 2834 299 2889 Sensimus
317 2835 454 2902 erigimur.
490 2835 578 2887 Rufus
595 2834 684 2903 posito
702 2833 799 2901 capite,
817 2836 849 2886 ut
866 2830 891 2886 si

101 2915 107 2923 '
160 2910 247 2966 Filius
264 2911 426 2963 immaturus
443 2909 553 2975 obisset,
572 2909 647 2962 flere,
680 2909 748 2973 Quis
765 2911 839 2961 esset

161 2984 237 3038 Finis
254 2986 283 3037 ni
301 2985 408 3053 sapiens
426 2986 464 3037 sic
482 2985 669 3038 Nomentanus
687 2983 803 3036 amicum
981 2989 1005 3030 to

161 3059 294 3113 Tolleret:
311 3060 398 3126 ‘Heu‚
418 3059 546 3125 Fortuna,
565 3060 626 3127 quis
644 3062 687 3112 est
704 3057 841 3111 crudelior
858 3057 887 3109 in
903 3072 954 3112 nos

162 3135 201 3188 To
219 3135 308 3190 deust
343 3135 383 3188 Ut
402 3151 510 3204 semper
527 3135 631 3203 gaudes
648 3133 764 3187 illudere
781 3131 863 3184 rebus

163 3209 299 3266 Humanis
309 3210 323 3265 l’
360 3210 461 3265 Varius
478 3227 579 3280 mappa
595 3222 767 3280 compescere
784 3206 870 3262 mam
