2275 3550
237 467 239 471 ,
314 406 534 474 CARMEN
564 408 851 479 SECULARE.

330 592 450 647 Pnoneu
467 593 651 663 silvarumque
667 599 765 664 potens
783 594 879 667 Dione,

329 668 464 722 Lucidum
482 669 550 723 caeli
567 669 658 738 decus,
676 687 693 723 o
710 670 817 724 colendi

329 743 444 812 Semper
461 749 491 799 et
506 745 581 813 culti,
600 745 665 799 date
683 761 755 814 quae
771 760 915 815 precemur

364 819 498 888 Tempore
515 837 598 887 sacro,

329 893 390 957 Quo
407 893 530 963 Sibyllini
548 910 678 950 monuere
695 912 791 950 versus
998 909 1013 951 c

327 967 457 1038 Virgines
474 971 559 1024 lectas
576 987 731 1040 puerosque
748 973 838 1024 castos

328 1043 380 1098 Dis
397 1046 498 1114 quibus
515 1050 623 1116 septem
640 1046 767 1114 placuere
785 1045 868 1100 colles

362 1119 462 1175 Dicere
478 1138 599 1175 carmen.

329 1194 413 1248 Alme
430 1195 483 1263 Sol,
502 1212 585 1249 curru
601 1195 691 1249 nitido
709 1195 783 1249 diem
800 1196 849 1263 qui

331 1268 440 1322 Promis
456 1273 486 1324 et
503 1269 575 1324 celas
592 1270 716 1338 aliusque
733 1273 763 1323 et
779 1270 853 1324 idem
990 1284 1014 1325 ro

328 1343 357 1398 N
358 1345 463 1411 seceris
480 1345 567 1414 possis
585 1345 653 1398 nihil
669 1345 739 1399 urbe
757 1344 846 1399 Roma

365 1420 464 1475 Visere
481 1420 578 1490 majus

329 1495 396 1550 Rite
413 1500 534 1550 maturos
551 1495 661 1565 aperire
677 1499 774 1563 partus

328 1571 419 1639 Lenis,
437 1572 554 1641 Ilithyia,
572 1576 652 1627 tuere
668 1575 780 1639 matres

328 1647 393 1704 Sive
408 1651 441 1702 tu
458 1649 560 1702 Lucina
576 1647 678 1717 probas
693 1647 785 1702 vocari
990 1658 1014 1699 15

362 1722 418 1778 Seu
436 1724 578 1778 Genitalis.

234 1819 236 1823 ’
328 1798 407 1867 Diva,
424 1800 559 1867 produces
576 1799 699 1854 subolem
716 1802 881 1867 patrumque

330 1874 478 1940 Prosperes
496 1873 609 1927 decreta
626 1889 709 1941 super
721 1872 855 1940 jugandis

330 1946 453 2002 Feminis
470 1948 609 2017 prolisque
626 1964 713 2001 novae
728 1947 813 2002 feraci

367 2024 443 2092 Lege
460 2024 566 2090 marita,
990 2037 1014 2078 ao

330 2098 431 2153 Certus
447 2098 571 2152 undenos
589 2097 681 2151 decies
698 2113 851 2166 perennes
900 2130 902 2134 ,

329 2173 413 2227 Orbis
430 2179 462 2228 ut
479 2177 577 2228 cantus
594 2174 753 2242 referatque
770 2172 850 2226 ludos

330 2249 384 2303 'Per
401 2249 447 2303 die
465 2249 538 2303 claro
555 2248 694 2317 totiesque
710 2251 791 2317 grata

366 2326 392 2379 N
394 2329 456 2379 octe
473 2325 641 2393 frequentes.

329 2401 442 2470 Vosque
458 2416 568 2455 veraces
586 2400 723 2468 cecinisse,
741 2398 850 2469 Parcae,
988 2417 1013 2459 25

331 2476 412 2540 Quod
429 2477 515 2530 semel
532 2476 639 2529 dietum
657 2479 700 2528 est
717 2474 878 2542 stabilisque
895 2491 989 2529 rerum

241 2569 245 2574 ·
330 2551 474 2605 Terminus
492 2555 591 2620 servat,
609 2549 753 2618 bonejam
770 2550 890 2618 peractis

364 2627 480 2695 lungite
496 2628 561 2681 fata

331 2702 442 2757 Fertilis
457 2703 568 2770 frugum
585 2700 747 2770 pecorisque
765 2699 856 2753 Tellus

330 2776 427 2846 Spicea
444 2778 529 2831 donet
548 2777 679 2831 Cererem
696 2791 810 2841 corona3
990 2786 1015 2828 uo

330 2852 464 2906 Nutriant
480 2853 553 2906 fetus
572 2855 601 2905 et
618 2866 706 2920 equae
724 2850 847 2905 salubres

366 2927 404 2978 Et
422 2926 441 2978 J
442 2926 501 2979 oris
517 2943 607 2979 aurae.

331 2999 450 3055 Condito
466 3001 541 3055 mitis
557 3001 736 3069 placidusque
752 2999 810 3053 telo

332 3075 472 3144 Supplices
489 3076 554 3129 audi
570 3092 677 3144 pueros,
696 3074 812 3143 Apollo;

331 3149 462 3218 Siderum
475 3151 572 3218 regina
588 3150 706 3204 bicornis
723 3148 796 3215 audi,
990 3158 1015 3203 ut

367 3226 452 3285 Luna,
470 3225 592 3291 puellus:
