2275 3550
132 197 178 245 158
244 191 395 242 HORATII
413 192 542 241 FLAGGI
559 192 778 246 SATIRARUM
794 195 834 246 H.
853 198 877 245 8.

132 274 188 328 vix
204 275 320 342 poterat.
355 267 466 326 Balatro
485 272 655 339 suspendens
673 275 767 326 omnia
783 263 858 343 nam,

133 349 224 403 ‘Haec
241 351 284 402 est
301 348 420 402 conditio
435 345 560 415 vivendi:
579 344 681 414 aiebat,
700 349 804 416 ‘eoque
966 364 996 404 ts

133 423 306 493 Responsura
323 426 371 477 tuo
388 439 526 490 nunquam
544 427 588 476 est
604 438 655 490 par
672 423 745 478 fama
762 423 857 478 labori

133 499 207 553 'lene
223 502 255 552 ut
272 514 322 565 ego
339 497 456 565 accipiar
473 497 547 550 laute
564 499 721 566 torquerier
738 501 812 553 omni

134 572 320 628 Sollicitudine
338 572 502 640 districtum,
520 589 556 644 ne
573 574 652 641 panis
670 574 793 641 adustus,

134 648 161 702 N
162 665 178 701 e
195 648 265 702 male
283 647 422 701 eonditum
435 647 483 716 jus
501 652 660 716 apponatur,
679 653 711 702 ut
728 666 823 703 omnes

136 723 287 778 Praecincti
304 727 379 777 recte
396 723 474 791 pueri
491 724 647 791 comptique
664 724 838 779 ministrent!
965 741 992 780 ve

136 798 219 853 Adde
235 800 285 852 hos
302 802 445 868 praeterea
462 814 547 864 casus,
565 798 660 851 aulaea
677 803 760 853 ruant
777 801 801 852 si

135 874 177 928 Ut
193 873 290 938 modo;
313 875 336 927 si
353 873 474 944 patinam
491 873 563 941 pede
581 874 673 942 lapsus
689 874 799 943 frangat
815 891 903 944 agaso.

136 949 193 1004 Sed
210 948 388 1004 convivatoris
405 948 446 1002 uti
463 948 540 1001 ducis
557 949 696 1015 ingenium
713 965 758 1003 res

137 1024 279 1078 Advorsae
295 1023 400 1077 nudare
418 1023 513 1087 solent,
531 1023 621 1076 celare
639 1023 787 1078 secundae?

137 1100 301 1154 Nasidienus
319 1099 355 1152 ad
368 1092 452 1153 baec:
470 1098 545 1151 ‘Tibi
563 1098 592 1151 di
610 1116 787 1168 quaecunque
801 1102 920 1169 preceris
962 1116 990 1156 75

138 1176 287 1229 Commoda
304 1175 387 1228 dent!
424 1174 469 1228 Ita
486 1173 632 1227 virbonus
650 1191 680 1228 es
697 1176 863 1243 convivaque
879 1175 981 1229 comis!

139 1251 176 1306 llt
193 1252 280 1306 soleas
296 1250 390 1320 poscit
425 1249 493 1302 'lum
510 1249 539 1303 in
557 1249 628 1303 lecto
646 1266 754 1319 quoque
770 1245 891 1305 videres

139 1327 262 1381 Stridore
280 1329 385 1381 secreta
402 1324 502 1379 divisos
520 1341 586 1378 aure
605 1326 750 1379 susurros?

139 1399 259 1455 “Nullos
275 1401 318 1454 bis
335 1400 445 1453 mallem
461 1399 540 1454 ludos
558 1404 711 1468 spectasse;
728 1400 778 1454 sed
794 1400 842 1455 illa

140 1474 239 1530 Redde
256 1490 395 1543 agequae
413 1475 539 1544 deinceps
556 1475 663 1529 risisti.'’
692 1476 844 1530 “Vibidius
861 1477 928 1531 dum
962 1493 989 1533 so

141 1551 253 1615 Quaerit
270 1551 305 1603 de
322 1549 414 1617 pueris
430 1566 496 1602 num
514 1549 550 1603 sit
568 1543 677 1619 quoque
694 1551 782 1605 fracta
799 1551 902 1623 lagena,

141 1625 220 1689 Quod
237 1625 289 1679 sibi
305 1624 428 1692 poscenti
444 1639 498 1678 non
516 1623 619 1679 dantur
635 1626 739 1694 puerile,
757 1628 877 1697 dumque

140 1699 259 1756 Ridetur
275 1699 346 1754 fictis
362 1715 454 1753 rerum
472 1700 620 1755 Balatrone
637 1703 763 1771 secundo,

140 1777 296 1846 Nasidiene,
312 1776 387 1830 redis
404 1780 527 1831 mutatae
543 1778 648 1847 frontis,
666 1782 699 1833 ut
720 1784 781 1835 arte

141 1849 341 1908 Emendaturus
357 1852 509 1919 fortunam3
527 1853 628 1907 deinde
645 1856 733 1908 secuti
793 1880 797 1884 -
961 1871 988 1911 aa

141 1928 299 1983 Mazonomo
314 1928 394 1997 pueri
411 1945 510 1997 magno
528 1929 666 1999 discerpta
682 1931 805 1985 ferentes

141 2003 266 2058 Membra
283 2003 358 2072 gruis
376 2005 462 2072 sparsi
480 2004 536 2059 sale
552 2005 647 2074 multe,
666 2022 719 2059 nen
737 2006 796 2060 sine
812 2007 898 2072 farre3

141 2079 290 2147 Pingnibus
307 2082 337 2133 et
354 2079 413 2133 ficis
428 2083 538 2148 pastum
552 2081 633 2148 jecur
649 2081 754 2135 anseris
771 2081 850 2135 albae

104 2198 108 2205 .
140 2154 317 2222 streperem
334 2153 448 2221 avulsos,
465 2158 498 2207 ut
514 2156 601 2209 multo
618 2156 734 2223 suavius,
752 2173 849 2225 annos,

141 2228 229 2291 Quam
244 2228 268 2281 si
284 2243 346 2280 cum
361 2226 460 2280 lumbis
476 2229 537 2295 quis
553 2228 628 2293 edit;
644 2233 704 2282 tum
720 2235 832 2297 pectore
848 2231 947 2285 adusto
962 2247 987 2287 se

140 2301 267 2355 Vidimus
284 2304 314 2354 et
330 2300 447 2353 merulas
463 2302 528 2369 poni
545 2306 576 2355 et
593 2303 651 2355 sine
668 2302 747 2355 clune
763 2304 912 2375 palumbes,

141 2377 242 2431 Suaves
258 2392 310 2444 res,
327 2374 350 2426 si
367 2390 422 2428 non
438 2391 532 2428 causas
549 2379 674 2429 narraret
690 2393 785 2431 aarum
802 2383 832 2433 et

140 2453 261 2507 Naturae
278 2450 418 2517 dominus3
435 2468 517 2519 quem
533 2468 583 2505 nos
601 2452 640 2506 sie
656 2452 775 2520 fugimus
791 2455 851 2523 ulti,

139 2521 181 2582 Ut
197 2527 264 2581 nihil
281 2526 389 2580 omnino
405 2531 583 2596 gustaremus,
601 2527 677 2582 velut
693 2528 747 2584 illis

141 2602 255 2660 candia
271 2602 389 2658 afflasset
404 2603 484 2674 pejor
499 2605 675 2675 serpentibus
692 2603 791 2664 anim
922 2678 930 2685 ι
962 2625 987 2666 es
