2275 3550
455 217 525 268 aas
541 216 703 267 ronrrcn.
956 220 1004 267 aos
1073 195 1074 198 ’

154 299 198 357 Ut
213 300 292 356 iestis
308 303 433 355 matrona
448 298 552 354 moveri
565 298 645 366 jussa
661 297 767 367 diebus,

156 376 289 430 Intererit
307 374 410 443 Satyris
426 374 538 443 paulum
554 373 716 441 pudibunda
731 377 874 442 protervis
967 383 970 389 '

157 451 220 505 Non
238 468 289 518 ego
307 451 432 503 inornata
449 454 478 502 et
496 448 664 501 dominantia
680 449 789 502 nomina
807 450 893 504 solum

157 526 312 594 Verbaque,
333 525 452 592 Pisones,
471 524 629 591 Satyrorum
648 523 764 590 scriptor
781 523 893 590 amab03
970 544 1005 585 aas

158 601 185 655 N
187 617 218 654 cc
235 601 274 654 sic
291 600 380 653 enitar
396 600 502 667 tragico
521 599 631 652 differre
649 597 732 651 colori

157 676 200 729 Ut
216 675 284 728 nihil
302 675 411 729 intersit
428 675 557 728 Davusne
575 674 702 742 loquatur
719 677 749 727 et
767 674 857 729 audax

159 749 271 819 Pythias
288 755 414 804 emuncto
431 750 537 803 lucrata
554 749 664 802 Simone
680 748 823 815 talentum,

160 827 206 879 An
222 830 314 880 custos
330 826 502 894 famulusque
520 825 565 878 dei
585 824 692 877 Silenus
709 825 820 879 alumni.
837 872 842 881 ,

160 900 203 954 lis
219 905 285 955 noto
303 901 396 955 fictum
414 917 523 955 carmen
541 916 648 969 sequar,
660 902 693 952 ut
711 900 763 953 sibi
781 903 869 970 quivis
974 917 1009 956 no

160 976 259 1044 Sperat
276 977 356 1045 idem,
376 976 459 1030 sudet
476 977 593 1030 multum
610 976 767 1045 frustraque
784 977 891 1031 laboret

161 1051 254 1104 Ausus
271 1051 357 1105 idem:
381 1055 490 1106 tantum
508 1052 593 1105 series
606 1051 791 1119 junctumque
808 1052 899 1119 pollet,

161 1126 278 1179 Tantum
296 1127 331 1179 de
349 1126 440 1179 modio
459 1127 575 1194 sumptis
593 1126 697 1179 accedit
714 1125 829 1180 honoris.

162 1200 243 1254 Silvis
261 1201 371 1253 deducti
389 1204 502 1254 careant
519 1217 563 1253 me
577 1199 672 1267 judice
690 1200 784 1266 Fauni,

162 1274 207 1329 Ne
225 1276 302 1330 velut
318 1275 406 1328 innati
422 1276 511 1330 triviis
528 1292 561 1329 ac
578 1291 665 1343 paene
681 1274 804 1330 forenses
975 1290 1010 1329 245

164 1352 224 1405 Aut
240 1350 353 1403 nimium
370 1351 474 1404 teneris
488 1350 656 1418 juvenantur
673 1351 796 1404 versibus
813 1368 939 1420 unquam,

164 1427 224 1480 Aut
240 1426 380 1479 immunda
397 1430 510 1495 crepent
526 1426 759 1494 ignominiosaque
777 1426 868 1492 dicta3

70 1513 72 1517 ·
164 1501 348 1554 Offenduntur
364 1502 437 1555 enim
455 1501 554 1571 quibus
573 1506 616 1555 est
633 1518 720 1570 equus
737 1505 768 1556 et
784 1505 863 1571 pater
880 1505 910 1555 et
926 1518 978 1569 ros,

163 1576 190 1630 N
192 1593 230 1643 ec,
247 1577 271 1630 si
289 1577 357 1646 quid
370 1577 447 1631 fricti
463 1577 559 1631 ciceris
576 1576 675 1646 probat
693 1580 723 1631 et
738 1579 816 1631 nucis
832 1582 946 1646 emptor,

164 1653 270 1721 Aequis
287 1653 424 1721 accipiunt
441 1653 538 1706 animis
557 1654 693 1707 donantve
710 1669 815 1707 corona.
974 1667 1010 1707 aso

165 1727 272 1796 Syllaba
289 1728 371 1796 longa
386 1726 464 1783 brevi
482 1727 608 1796 subjecta
624 1731 737 1783 vocatur
753 1729 867 1798 iambus,

166 1801 219 1858 Pes
236 1805 321 1867 citus;
342 1804 417 1857 unde
435 1805 518 1857 etiam
535 1804 670 1858 trimetris
686 1821 839 1858 accrescere
852 1804 936 1871 jussit

166 1878 274 1932 Nomen
291 1878 413 1946 iambeis,
432 1895 493 1933 cmn
511 1894 591 1932 senos
608 1876 740 1932 redderet
756 1879 827 1933 ictus

168 1954 276 2007 Primus
293 1953 330 2006 ad
347 1957 500 2007 extremum
518 1953 614 2006 similis
632 1953 691 2007 sibi.
727 1954 753 2006 N
754 1970 790 2006 on
806 1954 848 2006 ita
862 1953 977 2022 pridem,
1034 2011 1055 2033 J

124 2096 128 2104 ⁴
167 2028 281 2082 'lardior
297 2031 331 2082 ut
347 2029 429 2098 paulo
446 2028 609 2096 graviorque
626 2028 731 2082 veniret
748 2028 784 2081 ad
801 2044 888 2095 aures,
979 2041 1014 2081 as

168 2103 308 2173 Spondeos
327 2103 438 2158 stabiles
455 2104 485 2157 in
499 2102 564 2172 jura
580 2106 696 2172 paterna
712 2103 817 2173 recepit

169 2178 334 2233 Commodus
350 2182 381 2233 et
396 2180 511 2248 patiens,
527 2195 583 2232 non
599 2182 633 2232 ut
649 2179 685 2232 de
703 2178 768 2231 sede
786 2177 904 2232 secrmda

169 2254 289 2308 Ocderct
305 2258 354 2309 aut
372 2259 471 2323 quarta
487 2254 630 2308 socialiter.
665 2253 721 2306 Hic
737 2256 767 2307 et
783 2253 812 2306 in
829 2253 896 2307 Acci

168 2329 313 2383 Nobilibus
330 2330 464 2384 trimctris
481 2332 595 2397 apparet
612 2344 698 2395 rarus,
717 2332 746 2382 et
764 2329 835 2381 Enni

170 2406 204 2460 In
222 2421 329 2459 scenam
346 2405 443 2458 missos
461 2421 522 2458 cum
540 2420 639 2472 magno
656 2404 778 2473 pondere
795 2420 890 2459 versus
983 2426 1018 2465 eso

170 2483 230 2535 Aut
247 2481 459 2549 operaoceleris
476 2480 591 2533 nimium
607 2496 727 2547 curaque
744 2478 862 2533 carentis

171 2557 231 2610 Aut
247 2556 388 2624 ignoratae
404 2556 506 2625 premit
523 2556 592 2608 artis
609 2554 722 2608 crimino
740 2554 823 2622 turpi.

171 2632 197 2685 N
199 2648 233 2684 on
251 2631 340 2700 quivis
357 2632 434 2685 videt
450 2630 629 2684 irnmodulala
646 2633 773 2698 poemata
786 2629 882 2699 judex,

172 2707 209 2761 Et
226 2707 293 2760 data
310 2707 441 2760 Romanis
458 2706 537 2760 venia
554 2709 599 2759 est
615 2705 728 2772 indigna
744 2706 840 2773 poetis.
886 2772 888 2775 Ι

173 2782 314 2836 idcircone
332 2798 416 2850 vager
433 2781 605 2848 scribamque
623 2780 753 2834 licenter?
776 2797 811 2834 an
828 2797 922 2837 omncs
987 2799 1022 2838 sss

173 2857 288 2912 Visuros
305 2862 417 2927 peccata
433 2862 528 2926 putem
545 2872 615 2921 mea,
632 2858 710 2909 tutus
727 2858 757 2909 et
773 2857 846 2909 intra

74 2967 79 2981 ·
174 2933 256 3001 Spem
274 2933 369 2987 veniae
387 2934 499 2987 cautusl
534 2932 629 2987 Vitari
646 2931 765 2999 deniquo
784 2930 899 2999 culpam,

174 3009 199 3062 N
202 3025 237 3062 on
254 3008 365 3063 laudern
382 3008 477 3062 merui.
512 3006 571 3060 Vos
589 3006 756 3075 exemplaria
773 3006 878 3059 Graeca

174 3084 316 3138 Nocturna
332 3087 440 3137 versate
456 3099 547 3147 manu,
564 3088 673 3136 versate
690 3081 794 3134 diurna

175 3162 217 3214 At
234 3158 318 3213 vestri
336 3159 430 3228 proavi
449 3158 591 3212 Plautinos
608 3161 638 3211 et
655 3171 783 3209 numeros
799 3159 829 3210 ct
988 3173 1023 3213 no

176 3234 337 3289 Laudavero
355 3232 439 3295 sales:
463 3232 579 3286 nimium
596 3232 735 3300 pnticntcr
752 3234 900 3300 utrumque
