2275 3550
421 182 624 231 cARMINUM
639 181 694 232 111.
711 184 736 232 2.
968 179 1002 228 43

326 260 460 327 culpante
477 276 549 314 nunc
565 260 700 314 torrentia
717 275 797 327 agros

360 337 458 391 Sidera
475 352 547 389 mmo
563 335 668 390 hiemes
685 336 800 404 iniquas.

287 411 439 473 ,Contracta
454 411 543 479 pisces
559 427 679 479 aequora
696 409 828 464 sentiunt*

292 486 380 541 Jactis
397 487 427 539 in
443 486 529 540 altum
547 485 676 550 molibus;
694 485 747 539 huc
764 485 891 552 frequens

326 561 475 615 Casmenta
491 561 614 615 demittit
631 560 789 627 redemptor
982 575 1019 614 sss

361 635 431 690 (lum
446 636 554 689 famulis
572 635 752 704 dominusque
768 638 861 689 terrae

203 749 223 757 ι
293 711 472 765 Fastidiosus.
506 710 563 764 Sed
580 709 672 764 Timor
689 715 719 763 et
737 710 831 763 Minae

292 785 433 841 Scandunt
450 785 547 839 eodem
564 801 619 855 qno
637 785 769 851 dominus,
786 799 876 854 neque

327 860 445 915 Decedit
461 863 556 914 aerata
573 860 687 926 triremi,
706 862 735 912 et
830 886 832 889 v

361 935 428 989 Post
445 935 566 1004 equitem
583 934 664 987 sedet
681 937 742 987 atra
760 933 840 989 (lura
978 947 1003 988 ro

228 1031 232 1037 ’
293 1009 397 1072 Quodsi
414 1010 553 1071 dolentem
569 1025 629 1069 nec¹
639 1009 773 1078 Phrygius
789 1008 859 1077 lapis
959 1013 961 1016 ’
1017 1018 1021 1025 ’

293 1084 319 1138 N
321 1101 352 1138 ec
368 1101 549 1153 purpurarum
567 1084 659 1139 sidere
675 1084 774 1139 clarior

327 1159 438 1213 Delenit
454 1176 520 1213 usus
536 1175 588 1212 nec
606 1159 722 1212 Falerna

362 1233 436 1287 Vitis
454 1229 723 1301 Achaemeniumque
740 1236 843 1288 costum

294 1308 351 1363 (lur
367 1308 522 1362 invidendis
538 1308 664 1377 postibus
681 1312 710 1362 et
726 1325 796 1364 noro
981 1330 1004 1372 ω

210 1417 211 1420 =
294 1382 416 1437 Sublime
432 1383 489 1437 ritu
505 1383 602 1439 moliar
618 1383 736 1437 atriuml

328 1458 384 1513 Our
401 1457 471 1511 valle
487 1460 642 1525 permutem
661 1457 763 1513 Sabina

360 1532 477 1588 Divitias
494 1532 682 1602 operosioresl

559 1674 602 1730 ΙΙ.

295 1757 450 1812 Aneusrsn
466 1757 552 1812 amice
570 1756 728 1827 pauperiem
745 1761 804 1827 pati

293 1832 433 1887 Robustus
449 1834 505 1887 acri
522 1833 620 1886 militis
636 1848 706 1900 puer
730 1887 732 1890 ,

319 1907 482 1976 Ὀοιιᾱίεοαε,
499 1911 528 1960 et
546 1906 664 1960 Parthos
680 1906 785 1961 feroces

360 1977 454 2034 Vexet
471 1997 554 2049 eques
572 1980 737 2034 metuendus
753 1981 840 2047 host-u,

292 2056 441 2123 Vitamque
458 2055 509 2109 sub
526 2053 590 2108 diro
607 2058 637 2109 et
653 2055 770 2123 trepidis
787 2058 852 2122 agat
989 2070 1003 2113 t

292 2130 327 2185 In
344 2130 434 2184 rebus.
469 2130 552 2183 Illum
569 2147 604 2184 ex
620 2130 764 2185 moenibus
780 2130 892 2186 hosticis

325 2205 453 2268 Matrona
468 2204 596 2259 bellantis
613 2205 722 2274 tyranni

360 2281 531 2350 Prospiciens
548 2284 578 2335 et
594 2281 690 2335 adulte
706 2281 783 2349 virgo

291 2356 424 2425 Suspirct,
441 2357 519 2424 eheu,
536 2373 572 2410 ne
588 2357 666 2410 rudis
683 2357 823 2425 agminum

290 2432 410 2499 Sponsus
427 2431 542 2485 lacessat
558 2432 651 2499 regius
668 2447 795 2498 asperum
977 2446 1001 2487 io

325 2506 411 2560 Tactu
427 2507 542 2573 leonem,
560 2523 642 2575 quem
660 2509 775 2560 cruenta

359 2580 413 2634 Per
431 2580 535 2635 medias
552 2580 626 2649 rapit
641 2581 684 2634 irs
700 2580 805 2639 caedes.

291 2655 378 2709 Dulce
395 2659 424 2710 et
441 2655 571 2709 decorum
589 2658 633 2709 est
650 2671 700 2723 pro
716 2655 808 2724 patria
824 2657 908 2714 mori:

290 2730 366 2785 Mors
383 2734 412 2784 et
429 2730 553 2798 fugacem
571 2730 747 2799 persequitur
764 2731 861 2799 virum,

234 2855 238 2864 ,
323 2804 350 2858 N
353 2820 383 2858 cc
400 2806 488 2873 parcit
505 2804 624 2859 imbellis
636 2804 770 2870 juventae
979 2818 1002 2861 15

359 2878 511 2948 Poplitibus
529 2880 682 2949 timidoque
699 2884 785 2948 tergo.

290 2953 388 3008 Virtus
404 2954 529 3023 repulsae
545 2955 638 3009 nescia
655 2955 782 3009 sordidae

290 3028 464 3084 Intaminatis
481 3029 568 3099 fulget
585 3029 740 3098 honoribus,

323 3102 350 3158 N
352 3118 383 3156 ec
400 3104 483 3156 sumit
501 3108 550 3158 out
566 3105 645 3173 ponit
662 3120 770 3158 secures

356 3175 482 3250 Arbitrio
499 3178 638 3247 popularis
654 3194 745 3233 auree.
973 3193 999 3236 ao
