2275 3550
387 203 542 252 HORA'rII
559 203 689 249 FLAocl

248 287 406 341 ‘ferminum
424 284 498 336 curis
514 298 599 350 rogor
616 282 761 351 expeditis,

284 361 368 428 Fugit
385 361 528 432 inermem,

250 436 336 500 Quale
354 438 512 504 portentum
530 450 622 503 neque
639 432 765 487 militaris

249 512 370 566 Daunias
387 512 450 565 latis
468 510 518 564 alit
535 509 689 575 aesculetis,

249 587 308 642 Nec
326 588 417 641 Jubae
434 586 517 640 tellus
534 590 650 655 generat
667 584 774 638 leonum
867 594 873 599 ”

283 662 372 717 Arida
389 662 491 717 nutrix.

248 737 324 793 Pone
341 755 386 792 me
403 738 488 806 pigris
505 738 554 791 ubi
572 737 648 790 nulla
665 736 769 805 campis

248 814 342 869 Arbor
359 814 463 868 aestiva
479 815 622 866 recreatur
639 829 713 878 aura,

249 890 330 956 Quod
347 886 421 943 latus'
437 889 534 942 mundi
551 888 668 941 nebulae
685 888 827 956 malusque

282 965 414 1035 Juppiter
430 967 528 1031 urget3
815 1000 820 1010 .
937 967 971 1006 ao.

248 1041 324 1095 Pone
343 1041 394 1094 sub
412 1056 494 1092 curru
510 1038 625 1091 nimium
642 1038 788 1108 propinqui

249 1116 318 1170 Solis
336 1116 364 1168 in
382 1118 458 1168 terra
476 1111 604 1167 domibus
618 1116 737 1179 negata:

249 1191 337 1247 Dulce
355 1190 494 1244 ridentem
513 1189 634 1256 Lalagen
651 1186 762 1251 amabo,

283 1265 370 1319 Dulce
387 1264 554 1334 loquentem.

481 1407 595 1462 XXIll.

247 1488 337 1544 Vmas
354 1490 483 1547 hinnuleo
500 1506 545 1544 me
564 1490 667 1555 similis,
687 1490 778 1557 chloe,

248 1566 397 1631 Quaerenti
415 1565 542 1636 pavidam
559 1564 699 1618 montibus
716 1564 782 1620 aviis

283 1642 402 1696 Matrem
420 1658 475 1695 non
493 1642 552 1694 sine
571 1657 640 1694 vano

317 1716 455 1768 Aurarum
474 1721 503 1769 et
521 1716 608 1769 siliiae
625 1718 712 1769 metu

247 1788 320 1845 Nam
337 1807 385 1843 seu
402 1790 548 1844 mobilibus
565 1791 638 1844 veris
655 1790 793 1845 inhorruit
945 1800 958 1837 ⁵

247 1864 394 1922 Adventus
411 1865 484 1919 foliis
501 1881 550 1920 seu
567 1866 672 1920 virides
689 1866 789 1920 rubum

265 1941 429 1995 'Dimoverc
445 1942 572 2010 lacertae,

223 2085 225 2088 Ι
318 2017 356 2072 Et
373 2016 456 2070 corde
474 2021 504 2072 et
520 2018 637 2085 genibus
653 2015 757 2070 tremit.

248 2092 337 2161 Atqui
354 2110 408 2146 non
425 2109 476 2161 ego
493 2096 523 2147 to
540 2094 620 2161 tigris
636 2096 670 2146 ut
686 2107 785 2160 aspera

247 2167 413 2223 Gaetulusve
430 2168 474 2221 leo
491 2169 619 2235 frangere
635 2182 800 2235 persequorr
939 2176 963 2214 10

283 2243 404 2297 Tandem
423 2243 517 2296 desine
534 2247 652 2295 matrem

315 2318 488 2386 Tempestiva
506 2319 584 2387 sequi
600 2318 664 2372 viro.

416 2428 441 2464 ⁷
481 2461 590 2515 xxiv.

248 2543 316 2607 Qurs
334 2541 471 2603 desiderio
489 2545 525 2598 sit
542 2543 632 2612 pudor
649 2545 698 2595 aut
714 2540 813 2593 modus

247 2618 313 2672 Tam
331 2619 386 2671 cari
405 2618 518 2687 capitisl
555 2618 687 2686 Praecipe
703 2616 834 2684 lugubres

247 2694 359 2761 (lautus,
378 2693 559 2762 Melpomene,
578 2694 622 2747 cui
640 2691 771 2761 liquidam
788 2694 869 2761 pater

281 2769 383 2822 Vocem
402 2785 463 2822 cum
481 2769 587 2823 cithara
604 2767 690 2823 dedit.

245 2843 319 2912 Ergo
338 2843 513 2907 Quinctilium
530 2846 681 2912 perpetuus
699 2856 780 2909 sopor
950 2853 964 2894 a

245 2917 348 2985 Urget!
368 2917 412 2970 cui
430 2917 524 2971 Pudor
542 2922 572 2971 et
589 2916 721 2971 iustitiae
740 2932 815 2971 seror

246 2992 409 3062 Incorrupta
427 2992 511 3047 Ilides
529 2994 658 3062 nudaque
677 2992 788 3046 Veritas

280 3070 394 3133 Quando
412 3070 498 3124 ullum
515 3070 639 3123 inveniet
655 3068 777 3136 pareml'
866 3085 874 3095 f

245 3143 341 3199 Multis
359 3146 404 3199 ille
421 3145 500 3199 bonis
516 3146 615 3199 flebilis
633 3144 741 3208 occidit,

244 3219 320 3273 Nulli
337 3220 452 3275 flebilior
469 3237 552 3291 quam
569 3220 630 3286 tibi,
649 3218 756 3286 Virgili.
943 3226 966 3265 10
