2275 3550
135 155 181 207 ror
401 154 566 224 ‚nouam
583 153 714 203 mucor

133 234 235 291 Libera
250 250 302 307 per
318 251 433 291 vacuum
451 232 530 305 posui
548 235 666 303 vestigia
681 235 817 304 princeps,

49 331 50 334 ¹
132 310 196 365 Non
214 312 303 367 aliena
321 329 382 367 mco
398 311 488 382 pressi
504 311 586 380 pede.
622 311 676 376 Qui
694 309 747 365 sibi
765 311 828 365 fidit

132 387 198 441 Dux
215 389 289 457 regit
306 404 428 443 examen.
464 387 561 443 Parios
579 404 631 456 ego
647 387 752 455 primus
770 382 875 441 iambos

46 505 48 508 .
133 461 251 518 Ostendi
269 464 357 534 Latio,
374 480 504 518 numeros
520 463 681 532 animosque
699 466 810 516 secutus

133 539 298 608 Archilochi,
316 557 370 593 non
388 557 433 594 res
451 544 480 595 et
498 539 610 607 agentia
627 538 712 592 verba
730 537 892 606 Lycamben
966 555 995 598 as

133 616 178 670 Ac
194 631 230 670 ue
246 632 291 669 me
307 615 381 669 foliis
397 615 461 669 ideo
478 614 650 669 brevioribus
668 629 749 667 ornes
923 679 927 680 ff

133 690 215 754 Quod
231 690 311 745 timui
329 695 436 745 mutare
454 690 550 744 modos
568 693 598 745 et
615 689 744 743 carminis
762 691 860 757 artem,

133 765 281 835 Temperat
299 767 456 822 Archilochi
474 766 585 820 Musam
602 765 674 834 pede
691 763 812 818 mascula
830 765 948 835 Sappho,

134 840 280 910 Temperat
298 843 425 910 Alcaeus,
444 841 494 896 sed
511 840 594 895 rebus
612 844 641 895 et
659 839 756 893 ordine
775 839 878 910 dispar,

133 915 161 970 N
162 933 193 971 ee
210 934 333 972 socerum
351 918 461 987 quaerit
478 933 560 987 quem
578 916 703 970 versibus
720 914 825 969 oblinat
842 916 918 984 atris,
967 932 995 972 ao

133 991 161 1046 N
162 1009 194 1046 ec
211 1010 325 1062 sponsae
342 994 470 1063 laqueum
488 994 592 1047 famoso
609 991 730 1045 carmine
746 990 842 1055 nectit.

135 1067 218 1122 Hunc
235 1085 286 1137 ego
303 1086 357 1123 non
374 1068 427 1122 alio
445 1068 550 1123 dictum
566 1067 643 1137 prius
661 1083 709 1120 ore
728 1066 845 1120 helinus

134 1142 253 1212 Vulgari
270 1144 386 1210 fidicen;
399 1144 480 1213 juvat
497 1145 687 1197 immemorata
704 1142 842 1197 ferentem

135 1217 266 1286 Ingenuis
284 1220 422 1290 oculisque
439 1219 495 1288 legi
512 1218 693 1288 manibusque
710 1217 809 1272 teneri.

135 1294 211 1349 Scire
227 1296 295 1350 velis
312 1312 375 1350 mea
391 1312 440 1350 cur
456 1296 581 1364 ingratus
598 1293 729 1363 opuscula
744 1292 830 1347 lector
965 1308 991 1349 as

135 1369 244 1424 Laudat
260 1375 389 1440 ametque
406 1371 487 1436 domi,
506 1374 615 1441 premat
632 1373 712 1423 extra
729 1368 814 1423 limen
831 1367 964 1438 iniquus?

135 1444 162 1497 N
163 1461 198 1499 on
215 1463 266 1514 ego
282 1450 412 1501 ventosae
429 1446 518 1515 plebis
535 1445 664 1514 suffragia
680 1460 766 1498 venor
928 1445 934 1453 '

136 1520 270 1589 Impensis
287 1539 432 1576 coenarum
451 1524 481 1575 et
498 1520 583 1575 tritae
600 1536 714 1574 munere
731 1520 833 1586 vestis3

135 1594 162 1648 N
163 1612 198 1649 on
216 1613 267 1665 ego
284 1596 414 1650 nobilium
432 1596 595 1665 scriptormn
612 1595 723 1649 auditor
740 1600 770 1650 et
786 1596 860 1650 ultor

136 1668 332 1724 Grammaticus
349 1670 454 1724 ambire
471 1670 562 1725 tribus
579 1673 609 1725 et
627 1669 735 1740 pulpita
752 1671 864 1738 dignor:
964 1685 989 1726 eo

136 1745 210 1801 Hinc
226 1746 289 1801 illae
305 1745 441 1803 lacrimae.
476 1745 601 1816 “Spissis
617 1746 731 1816 indigna
748 1746 866 1802 theatris

136 1822 244 1892 Scripta
260 1823 347 1892 pudet
364 1823 481 1878 recitare
498 1827 528 1877 et
545 1823 626 1890 nugis
643 1822 748 1876 addere
765 1820 896 1892 pondus,'’

136 1897 166 1951 Si
182 1898 253 1954 dixi:
272 1898 403 1964 “Rides''
420 1899 468 1967 ait,
485 1898 537 1954 “et
554 1899 574 1952 J
577 1899 635 1953 ovis
653 1898 766 1952 auribus
783 1898 838 1952 ista

136 1973 248 2041 Servas3
264 1973 327 2027 fidis
344 1975 417 2028 onim
434 1991 545 2030 manare
562 1973 670 2042 politica
686 1974 769 2028 mella

136 2050 175 2106 Te
192 2051 285 2117 solum,
302 2049 354 2105 tibi
371 2050 505 2119 pulcher.'’
543 2050 592 2104 Ad
609 2051 677 2104 haec
695 2067 747 2119 ego
764 2049 878 2105 naribus
895 2051 938 2105 uti
953 2066 986 2127 ‚rr

136 2126 274 2193 Ilormido,
291 2130 321 2180 et
338 2126 467 2180 luctantis
484 2129 565 2180 acuto
583 2142 618 2180 ne
636 2142 713 2180 secer
730 2126 823 2195 ungui,

136 2201 293 2271 “Displicet
310 2202 363 2255 iste
380 2201 477 2269 locus,'’
496 2202 591 2271 clamo,
608 2202 654 2256 “et
671 2201 777 2256 diludia
794 2201 896 2270 posco.”

135 2274 230 2331 Ludus
247 2276 319 2330 enim
335 2276 432 2343 genuit
448 2277 590 2344 trepidum
609 2281 752 2332 certamen
770 2282 800 2333 et
816 2277 894 2346 iram,

135 2353 185 2409 Ira
200 2356 292 2408 truces
308 2350 465 2406 inimicitias
482 2356 512 2407 et
529 2353 644 2408 funebre
661 2353 772 2408 bellum.

531 2494 595 2549 XX.

78 2559 80 2565 ¹
134 2577 322 2633 Vnanunuun
339 2577 505 2649 denumque,
522 2578 602 2648 liber,
620 2580 745 2648 spectare
762 2576 873 2648 videris,

134 2653 244 2708 Scilicet
260 2657 294 2708 ut
309 2658 417 2722 prostes
435 2654 573 2709 Sosiorum
590 2655 697 2724 pumice
714 2653 842 2708 mundus

134 2728 225 2784 Odisti
242 2728 331 2784 claves
348 2733 378 2784 et
394 2732 475 2801 grata
491 2729 580 2798 sigilla
596 2729 712 2799 pudic0;

133 2804 232 2860 Paucis
249 2804 358 2859 ostendi
374 2803 463 2873 gemis
480 2808 510 2859 et
527 2805 680 2858 communia
696 2804 801 2873 laudas,

132 2879 160 2934 N
161 2897 197 2934 on
214 2881 255 2935 ita
271 2880 399 2936 nutritus
434 2878 510 2948 Fuge
528 2895 582 2950 quo
600 2879 767 2934 descendere
784 2879 877 2948 gestia
971 2888 983 2929 ⁵

132 2954 160 3008 N
161 2973 196 3010 on
214 2956 268 3010 erit
285 2956 383 3010 emisso
400 2955 508 3010 reditus
526 2955 585 3010 tibi.
620 2955 719 3024 “Quid
736 2955 820 3010 miser
837 2955 902 3023 egil

133 3030 206 3095 Quid
223 3031 295 3085 volui
305 3031 330 3086 l''
353 3032 428 3085 dices
445 3030 493 3084 ubi
511 3031 572 3099 quis
589 3033 619 3084 te
635 3030 761 3099 laeserit;
779 3034 809 3085 et
826 3032 880 3085 scis

132 3105 168 3158 In
184 3106 268 3159 breve
285 3110 315 3160 te
332 3105 392 3172 cogi
409 3121 471 3159 cum
488 3105 585 3176 plenus
602 3105 715 3173 languet
732 3109 846 3162 amator.

132 3179 236 3243 Quodsi
252 3194 307 3234 non
324 3180 388 3234 odio
403 3180 542 3249 peccantis
559 3180 663 3249 desipit
679 3198 773 3255 augur,

128 3445 290 3487 'Lm-a
