2275 3550
306 1058 367 1116 Iure
383 1057 511 1113 Liburnis
527 1057 602 1113 inter
618 1058 676 1113 alta
691 1059 809 1127 navium,

342 1134 444 1201 Amica
461 1134 672 1202 propugnacula,
867 1199 870 1203 ,

307 1208 423 1264 Paratus
440 1225 518 1261 omne
536 1208 661 1262 Caesaris
679 1207 830 1278 perieulum

341 1283 447 1351 Subire,
464 1283 617 1351 Maecenas,
636 1288 693 1338 tue.
826 1313 836 1332 ‹

307 1358 381 1425 Quid
397 1374 453 1426 nes,
471 1358 571 1428 quibus
587 1363 617 1412 te
633 1360 692 1414 vite
709 1360 745 1414 sit
762 1357 908 1428 superstite
1008 1372 1021 1415 e

340 1433 475 1501 Jucunda,
493 1434 516 1488 si
534 1437 629 1488 contra
645 1436 756 1502 gravis?

307 1508 443 1565 Utrumne
455 1509 526 1576 jussi
543 1526 740 1579 persequemur
757 1510 844 1567 otium

340 1585 366 1640 N
368 1601 403 1638 on
420 1584 498 1638 dulae
515 1585 545 1637 ni
561 1588 653 1639 tecum
671 1585 759 1653 simul,

307 1662 353 1716 An
369 1660 441 1714 hune
457 1659 579 1714 laborem
596 1664 690 1714 mente
707 1661 792 1715 laturi
810 1659 890 1715 decet

340 1735 401 1801 Qua
416 1736 489 1790 ferre
507 1752 561 1790 non
578 1735 674 1789 molles
691 1736 782 1790 virosl
999 1749 1021 1790 ιο

306 1811 438 1866 lleremus
455 1815 484 1864 et
501 1816 530 1865 te
547 1811 591 1864 vel
608 1827 660 1880 per
677 1811 791 1878 Alpium
803 1810 873 1879 juga

341 1884 538 1952 Inhospitalem
555 1889 585 1938 et
603 1886 761 1952 Caucasum,
876 1931 882 1942 ,

308 1960 361 2014 Vel
379 1958 537 2013 Occidentis
554 1976 643 2028 usque
660 1959 697 2013 ad
713 1960 840 2013 ultimum
859 1960 947 2014 sinum

342 2035 419 2088 Furti
437 2050 585 2103 aequemur
601 2038 721 2103 pectore.

309 2110 400 2178 Reges
416 2112 496 2163 tuum
512 2109 607 2164 labere
625 2110 692 2178 quid
704 2109 801 2178 juvem
817 2126 886 2180 mee,
999 2124 1021 2166 ιε

342 2185 466 2239 Imbellis
482 2201 515 2239 ae
531 2184 626 2238 firmus
642 2186 758 2253 parum?

308 2261 406 2317 Comes
423 2260 527 2315 minore
544 2277 605 2315 sum
622 2261 731 2315 tuturus
747 2261 777 2314 iu
793 2265 878 2331 metu,

342 2336 396 2401 Qui
413 2336 502 2404 major
518 2336 646 2390 absentes
664 2336 766 2403 habet;

307 2412 349 2468 Ut
365 2412 488 2467 assidens
504 2411 679 2481 implmnibua
695 2412 777 2480 pullis
794 2412 851 2466 avis

343 2488 516 2558 uomentium
534 2487 652 2556 allapsus
668 2487 749 2542 timet
997 2503 1021 2543 ae

308 2563 398 2632 Magis
413 2563 523 2631 relictis,
541 2578 604 2631 nen,
618 2567 652 2617 ut
669 2561 748 2630 adsit,
767 2561 848 2617 auxili

343 2639 447 2694 Latum
463 2639 525 2708 plus
541 2639 740 2708 praesentibus

309 2713 441 2769 Libenter
457 2715 509 2770 hoe
527 2719 556 2769 et
573 2730 652 2768 omne
669 2713 832 2789 militabitus

344 2791 453 2844 Bellum
469 2791 498 2844 in
515 2794 581 2852 tuae
598 2800 675 2859 spem
692 2789 804 2858 gratiae,

310 2864 337 2920 N
339 2881 374 2919 on
390 2868 423 2919 ut
435 2864 561 2934 juvencis
578 2865 683 2934 illigata
699 2863 823 2935 pluribus
998 2878 1023 2922 π

347 2942 449 2995 Aratra
464 2940 588 2996 nitantur
603 2957 672 3009 mea,
982 2948 987 2955 ·

313 3014 435 3070 Pecuave
453 3016 575 3070 Calabris
593 3021 658 3071 ante
675 3016 751 3070 sidus
767 3012 904 3068 fervidum

346 3091 457 3146 Lucana
473 3095 562 3146 mutet
578 3092 693 3161 pascuis,

312 3165 412 3236 Neque
427 3170 461 3221 ut
477 3168 588 3236 superui
605 3167 669 3222 villa
685 3165 804 3222 candens
821 3161 930 3220 Tusculi

347 3242 459 3299 Circaea
474 3246 572 3312 tangat
588 3242 701 3297 moenia
714 3239 718 3247 '
995 3250 1025 3298 ,tt
