2275 3550
429 195 647 247 SATIRARUM
663 197 686 247 1.
708 199 745 248 10.
971 202 1016 247 129

164 275 279 345 Magnas
296 277 464 332 Graecorum
481 278 560 332 malis
578 278 693 347 implere
712 278 855 334 catervas.”
994 293 1018 335 as

164 351 300 420 Turgidus
320 352 438 421 Alpinus
451 352 562 420 jugulat
580 353 646 407 dum
665 354 817 419 Memnona,
837 354 958 423 dumque

164 427 288 495 Delingit
306 428 396 481 Rheni
413 429 518 482 luteum
536 433 626 498 caput,
644 429 711 482 haec
729 447 780 497 ego
797 430 870 497 ludo,

165 502 241 566 Quae
258 520 348 572 neque
365 504 394 556 in
411 502 481 557 aede
499 508 597 559 sonent
615 505 748 558 certantia
761 505 855 573 judice
873 505 970 572 Tarpa,

164 579 191 632 N
193 595 224 632 ec
241 579 357 632 redeant
374 579 479 632 iterum
493 584 577 649 atque
594 582 696 635 iterum
713 580 861 649 spectanda
878 580 1001 634 theatris.

73 662 76 669 ⁴
165 654 273 722 Arguta
289 654 434 708 meretrice
451 658 530 722 potes
548 656 681 725 Davoque
699 655 847 711 Chremeta
992 670 1016 710 se

145 728 301 784 ¹Illudente
320 746 414 784 senem
431 731 514 785 comis
531 732 637 799 garrire
655 731 761 786 libellos

163 804 243 858 Unus
259 804 389 871 vivorum,
409 805 550 871 Fundani3
569 807 656 860 Pollio
673 823 770 875 regum

164 879 251 934 Facta
268 880 342 934 canit
359 879 430 948 pede
448 884 491 935 ter
508 898 651 950 percusso;
668 883 740 937 forte
758 899 823 952 epos
839 898 902 938 acer

163 955 205 1009 Ut
222 973 302 1010 nemo
320 956 422 1010 Varius
439 957 533 1023 ducit;
550 958 631 1012 molle
647 961 732 1026 atque
748 959 867 1012 facetum

164 1030 282 1098 Virgilio
300 1036 454 1086 annuenmt
471 1034 623 1100 gaudentes
640 1050 704 1086 rure
718 1034 865 1103 Camenae.
995 1052 1018 1090 rs
1048 1037 1051 1046 '

164 1105 227 1158 Hoc
245 1110 312 1173 erat,
331 1110 446 1174 experto
463 1107 567 1160 frustra
585 1108 709 1162 Varrone
727 1109 844 1163 Atacino

165 1183 261 1248 Atque
280 1181 444 1249 quibusdam
461 1183 528 1249 aliis,
546 1183 643 1236 melius
661 1184 735 1251 quod
752 1183 871 1238 scribere
887 1199 1003 1252 possem,

89 1272 93 1279 ·
165 1255 315 1308 Inventore
332 1254 434 1320 minor;
452 1272 542 1325 neque
559 1273 609 1323 ego
627 1257 666 1309 illi
684 1256 830 1311 detrahere
848 1258 935 1311 ausim

165 1329 336 1391 Haerentem
355 1331 439 1400 capiti
456 1348 517 1384 cum
534 1333 622 1385 multa
639 1331 720 1386 laude
737 1349 870 1386 coronam.
1007 1392 1012 1401 .

155 1397 207 1459 'At
223 1405 281 1458 dixi
299 1405 384 1459 fluere
401 1406 473 1460 hunc
490 1407 664 1475 lutulentum,
682 1425 763 1476 saepe
779 1409 913 1463 ferentem
992 1425 1016 1465 aa

86 1491 91 1499 ·
164 1480 247 1533 lea
265 1480 376 1549 quidem
393 1482 514 1535 tollenda
532 1482 727 1552 relinquendis,
762 1485 832 1551 Age,
850 1501 958 1553 quaeso,

164 1555 205 1607 'lu
223 1556 290 1608 mhil
307 1556 335 1609 in
353 1574 451 1624 magno
467 1558 564 1612 doctus
582 1558 761 1626 reprehendis
775 1560 921 1615 Homero?

163 1629 212 1683 Nil
229 1631 312 1684 conns
329 1633 426 1700 tragici
444 1636 533 1686 mutat
551 1633 670 1687 Lucilius
689 1635 776 1689 Accil

163 1706 190 1759 N
192 1722 227 1758 on
244 1706 318 1761 ridet
335 1724 431 1761 versus
450 1707 520 1761 Enni
537 1709 672 1777 gravitate
689 1711 818 1778 minores,

164 1781 234 1836 (lum
252 1782 288 1834 de
306 1799 335 1836 se
352 1783 475 1852 loquitur
491 1800 545 1835 non
562 1788 595 1836 ut
612 1785 716 1852 majore
734 1785 889 1854 reprensis‘l
997 1809 1019 1846 55

165 1855 238 1920 Quid
255 1860 332 1911 vetat
349 1861 379 1910 et
395 1861 502 1911 nosmet
521 1858 610 1911 Lucili
627 1859 868 1927 scripta'legentcs

165 1931 310 1997 Quaerere,
328 1948 394 1984 num
412 1932 492 1998 illius,
510 1948 576 1988 num
594 1948 687 1984 rerum
705 1932 774 1984 dura
791 1933 898 2000 negarit

164 2005 325 2059 Versiculos,
337 2010 436 2060 natura
453 2007 539 2073 magis
556 2006 643 2060 factos
661 2010 690 2060 et
707 2010 804 2059 euntes

164 2080 275 2133 Mollius
292 2098 324 2134 ao
341 2082 364 2135 si
383 2083 444 2150 quis
460 2081 579 2150 pedibus
597 2081 664 2150 quid
682 2081 810 2135 claudere
828 2082 906 2150 senis,

164 2154 226 2207 Hoc
243 2159 352 2209 tantum
370 2160 521 2224 contentus,
540 2159 615 2211 amet
633 2157 773 2226 scripsisse
791 2158 923 2212 ducentos
994 2174 1016 2213 aa

163 2231 240 2285 Ante
258 2230 348 2284 cibum
365 2249 467 2299 versus,
487 2232 605 2286 totidem
623 2235 769 2297 coenatus3
786 2233 895 2287 Etrusci

163 2305 248 2369 Quale
266 2307 323 2361 fuit·
338 2307 414 2362 Oassi
432 2307 530 2376 rapido
547 2308 697 2361 ferventius
715 2307 788 2361 amni

163 2380 314 2449 Ingenium,
333 2383 420 2451 capsis
439 2399 521 2451 quem
539 2382 613 2436 faura
631 2386 674 2437 est
691 2399 752 2437 esse
768 2382 900 2451 librisque

163 2455 330 2510 Ambustum
347 2459 484 2527 propriisl
521 2458 617 2511 Fuerit
635 2458 763 2526 Lucilius,
781 2459 900 2528 inquam,

163 2530 253 2584 Cumis
271 2536 300 2585 ct
317 2533 444 2601 urbanus,
461 2533 547 2586 fuerit
564 2532 776 2597 limatior-idem
994 2550 1016 2589 cs

163 2605 249 2669 Quam
267 2608 343 2661 rudis
361 2612 390 2663 et
408 2609 519 2663 Graecis
536 2608 635 2662 intacti
653 2610 780 2663 carminis
797 2613 899 2679 auctor,

162 2681 303 2751 Quamque
321 2688 465 2752 po'e'tarum
484 2683 622 2737 seniorum
640 2684 738 2750 turba;
756 2685 806 2739 sed
822 2685 877 2754 ille,

161 2755 191 2809 si
208 2757 279 2811 foret
296 2758 347 2812 hoc
364 2762 487 2812 nostrum
504 2759 562 2813 feto
581 2758 682 2813 dilatus
699 2760 728 2813 in
745 2776 849 2829 aevum,
897 2784 901 2796 ,

161 2830 309 2886 Detereret
327 2834 379 2886 sibi
397 2835 490 2901 multa,
509 2834 645 2888 recideret
662 2852 742 2889 onme
760 2836 835 2904 quod
851 2835 924 2889 ultra
1015 2864 1018 2868 ·

161 2905 317 2962 Perfectrmr
335 2909 501 2975 traheretur,
520 2913 549 2962 et
566 2910 595 2962 in
612 2926 694 2963 versu
710 2911 835 2964 faciendo
994 2926 1016 2964 tc

160 2981 246 3050 Saepe
264 2988 346 3050 caput
365 2984 489 3038 scaberet
507 2984 583 3037 vivos
601 2988 630 3038 et
647 2985 758 3039 roderet
775 3001 888 3052 ungues.

160 3057 246 3125 Saepe
265 3058 359 3112 stilum
377 3063 468 3113 vertas
487 3059 588 3112 iterum
606 3077 676 3128 quac
695 3060 778 3128 digna
794 3060 848 3127 legi
866 3060 923 3114 sint

158 3132 322 3203 Scripturus,
339 3151 429 3203 neque
447 3139 477 3187 te
495 3137 528 3186 ut
545 3134 661 3188 miretur
680 3136 762 3189 turba
778 3134 895 3204 labores,

55 3201 58 3206 ’
158 3208 311 3264 Contentus
328 3209 422 3280 paucis
439 3208 596 3263 lectoribus.
632 3212 679 3263 An
697 3214 745 3264 tua
764 3210 877 3264 demens
