2275 3550
432 200 687 250 EPISTULARUM
704 201 741 249 IL
761 203 785 249 2.
983 202 1028 247 195

182 279 223 334 Tu
239 295 285 335 me
301 280 375 334 iuter
391 280 524 348 strepitus
541 284 688 334 nocturnos
705 284 789 348 atquc
806 280 918 333 diurnos

181 354 232 409 Vis
249 372 346 410 cancre
363 359 393 410 et
409 361 549 410 contracta
567 357 646 425 sequi
664 357 778 425 vestigia
795 357 905 412 vacuus
1005 369 1032 407 so

181 430 327 499 Ingenium
345 431 397 485 sibi
415 431 490 500 quod
507 449 605 487 vacabis
623 432 775 501 desumpsit
792 431 925 498 Athenas,

180 505 218 559 lit
236 506 334 561 studiis
351 523 436 561 annos
454 511 559 575 septem
577 507 656 561 dedit
666 507 847 575 ,insenuitque

180 581 272 635 Libris
289 586 319 636 et
336 583 416 650 curis,
436 586 528 637 statua
544 584 708 637 taciturnius
725 583 784 637 exit

180 655 347 726 Plerumque
364 661 394 712 et
410 658 468 711 risu
485 658 616 727 populum
634 659 738 727 quatit;
755 658 800 711 hic
817 674 868 726 ego
886 672 978 710 rerum

180 730 322 785 Fluctibus
339 733 368 786 in
385 733 484 786 mediis
502 737 531 787 et
547 733 760 803 tempestatibus
776 733 852 787 urbis
1007 746 1031 784 as

180 806 274 861 Verba
290 807 364 876 lyrae
381 814 489 862 motura
507 825 604 863 sonum
623 812 784 863 connectere
802 808 914 876 dignerl

180 880 281 937 Frater
298 888 358 938 erat
375 884 480 938 Romae
497 885 615 938 consulti
633 885 736 953 rhetor,
754 887 787 938 ut
805 884 876 938 alter

180 956 447 1024 Alteriussennone
464 976 556 1020 meros
573 959 683 1015 audiret
699 959 824 1028 honores,

180 1033 317 1088 Gracchus
334 1039 367 1089 ut
383 1035 428 1089 hic
445 1036 493 1104 illi,
510 1037 583 1090 foret
599 1036 662 1090 huic
679 1039 712 1090 ut
730 1035 838 1089 Mucius
855 1034 908 1103 ille,

180 1107 233 1172 Qui
250 1110 340 1164 minus
356 1115 468 1178 argutos
484 1115 567 1165 vexat
584 1112 661 1165 furor
677 1112 731 1166 iste
746 1112 858 1180 politasl
1007 1126 1032 1165 ss

184 1183 313 1238 Carmina
330 1199 467 1254 compono,
486 1186 531 1240 hic
548 1187 647 1254 elegos.
682 1186 827 1240 “Mirabile
839 1186 899 1239 visu

182 1257 378 1328 Caelatumque
396 1277 493 1314 novem
512 1261 600 1316 Musis
617 1278 686 1331 opus
694 1262 717 1317 !'’
754 1261 876 1330 Adspice
893 1260 1018 1331 primunr,

181 1333 289 1398 Quanto
306 1351 368 1389 cum
385 1336 465 1402 fastu,
484 1340 588 1405 quanto
605 1338 747 1391 molimine
762 1338 876 1391 circum-

180 1408 340 1477 Spectemus
357 1427 470 1465 vacuam
488 1412 618 1466 Romanis
634 1412 743 1469 vatibus
760 1413 871 1468 aedem!

179 1483 246 1538 Mox
263 1486 353 1555 etiam,
371 1487 395 1540 si
412 1487 484 1541 forte
501 1505 588 1556 vacas,
607 1506 723 1558 sequere
741 1493 770 1544 et
786 1489 881 1559 procul
897 1488 970 1557 audi,
1006 1505 1031 1545 ss

105 1593 107 1597 -
180 1560 253 1624 Quid
268 1559 341 1616 ferat
358 1566 388 1617 et
405 1580 490 1632 quare
508 1564 560 1617 sibi
579 1570 672 1620 nectat
689 1569 806 1635 uterque
824 1581 957 1620 coronam.

179 1633 326 1690 Caedimur
343 1641 373 1693 et
389 1639 505 1694 totidem
523 1641 612 1709 plagis
629 1642 813 1696 consumimus
829 1641 936 1695 hostem

179 1710 267 1764 Lento
285 1712 421 1769 Samnites
439 1715 476 1768 ad
493 1715 597 1770 lumina
613 1717 703 1787 prima
721 1717 819 1771 duello.

179 1785 298 1841 Discedo
316 1790 436 1844 Alcaeus
453 1796 554 1860 puncto
571 1793 659 1857 illius,
676 1793 723 1846 ille
741 1809 801 1846 meo
820 1792 900 1860 quisi

180 1862 247 1926 Quis
263 1862 316 1916 nisi
334 1863 531 1920 Callimachusl
568 1867 677 1936 Sipus
694 1867 843 1935 adposcere
858 1868 938 1933 visus,
997 1884 1031 1923 loo

180 1935 226 1990 Fit
244 1937 423 1994 Mimnermus
441 1945 471 1995 et
488 1942 581 2011 optivo
598 1943 757 2009 cognomine
775 1943 881 1996 crescit.

179 2011 269 2067 Multa
284 2014 343 2068 fero
359 2019 392 2069 ut
409 2016 514 2085 placem
530 2034 618 2086 genus
635 2018 770 2072 irritabile
788 2021 890 2084 vatum,

179 2088 249 2142 Cum
267 2089 355 2144 scribo
372 2095 402 2145 et
419 2092 534 2161 supplex
550 2094 645 2163 popili
663 2094 790 2162 suffragia
807 2098 903 2163 capt03

179 2163 267 2231 Idem,
286 2165 372 2220 finitis
390 2167 489 2221 studiis
506 2172 536 2222 et
554 2173 647 2222 mente
664 2179 784 2238 recepta,

178 2239 313 2295 Obturem
331 2242 440 2311 patulas
457 2244 568 2311 impune
585 2244 739 2312 legentibus
756 2261 845 2299 aures.
997 2261 1031 2308 los

178 2315 318 2370 Ridentur
335 2317 407 2371 mala
424 2318 472 2387 qui
490 2324 657 2388 componunt
675 2320 809 2386 carmina;
826 2336 921 2374 verum

177 2392 307 2447 Gaudent
324 2392 475 2448 scribentes
492 2399 569 2449 etse
586 2399 758 2463 venerantur,
776 2399 806 2450 et
822 2395 903 2463 ultro,

98 2499 102 2506 -
177 2467 205 2521 si
223 2471 323 2534 taceas,
340 2468 455 2524 laudant
472 2470 608 2540 quidquid
625 2472 759 2541 scripsere
776 2470 860 2526 beati.

177 2545 218 2597 At
235 2545 283 2613 qui
300 2545 452 2614 legItimum
469 2547 562 2617 cupiet
579 2547 676 2602 fecisse
692 2554 789 2618 poema
919 2604 921 2609 ,

177 2618 245 2673 (lum
264 2619 365 2674 tabulis
383 2621 503 2675 animum
521 2624 641 2677 censoris
662 2628 752 2677 sumet
769 2623 893 2689 honesti3
996 2640 1029 2678 uo

177 2696 301 2753 Audebit
318 2714 495 2769 quaecunque
513 2716 610 2768 parurn
628 2700 779 2769 splendoris
796 2700 939 2754 habebunt

177 2770 215 2826 Et
231 2772 290 2826 sine
307 2773 429 2841 pondere
446 2779 527 2829 erunt
545 2779 576 2829 et
593 2775 695 2830 honore
713 2775 826 2844 indigna
842 2776 965 2830 ferentur

176 2845 271 2900 Verba
287 2863 397 2903 morere
415 2849 481 2917 loco,
500 2851 624 2920 quamvis
641 2852 727 2905 invita
744 2852 875 2911 recedant

175 2920 213 2974 lit
230 2926 374 2977 versentur
391 2924 480 2978 adhuc
498 2926 572 2980 intra
588 2927 741 2995 penetralia
759 2927 868 2982 Vestae.

176 2995 329 3052 Obscurata
346 2999 395 3053 diu
412 3001 513 3069 populo
530 3001 619 3056 bonus
637 3006 717 3057 eruet
734 3006 819 3071 atque
994 3017 1029 3058 115

174 3069 302 3128 Proferet
318 3075 347 3127 in
365 3074 453 3129 lucem
472 3078 595 3145 speciosa
611 3077 741 3132 vocabula
757 3094 858 3145 rerum,

175 3146 251 3211 Quae
269 3149 366 3217 priscis
384 3155 534 3205 memorata
553 3153 703 3206 Catonibus
721 3157 804 3220 atque
823 3152 952 3220 Cethegis

173 3219 200 3274 N
202 3238 253 3348 ιῗιέο
272 3223 343 3278 situs
359 3224 483 3279 informis
499 3228 602 3295 premit
619 3232 649 3281 et
666 3228 777 3282 deserta
794 3232 933 3289 vetustas;
