2275 3550
62 169 65 174 ’
133 191 180 241 ne
407 182 563 234 Hoanrn
579 185 711 234 rancor

133 268 171 323 llt
187 266 262 322 11111
279 264 356 335 puris
373 260 501 318 manibus
517 268 674 318 contemnat
690 278 850 333 utrumque.

132 343 175 397 Ut
192 342 229 396 sis
246 344 279 396 tu
297 341 391 394 similis
409 341 485 395 Caeli
504 340 632 408 Birrique
648 340 796 409 latronum,

134 418 197 473 Non
215 434 266 486 ego
284 434 344 470 sum
363 416 444 484 Capri
462 433 552 484 neque
570 416 659 470 Sulci:
677 433 726 471 cur
743 420 852 471 metuas
870 420 931 474 mel
966 435 992 479 to

133 494 218 547 Nulla
234 492 351 546 taberna
367 507 443 545 meos
459 491 561 545 habeat
578 508 669 560 neque
686 492 743 561 pila
759 492 877 561 libellos,

135 569 203 633 Quis
219 584 315 622 manus
333 566 445 621 insudet
462 566 536 634 vulgi
554 567 794 637 Hermogenisque
813 570 929 638 Tigelli:

134 642 161 699 N
163 662 194 699 ec
210 645 296 699 recito
314 644 440 711 cuiquam
456 642 509 696 nisi
526 644 626 710 amicis,
644 644 729 711 idque
747 648 864 715 coactus,

134 721 198 776 Non
215 719 305 773 ubivis
322 734 446 773 coramve
463 718 639 786 quibuslibet.
674 720 709 773 In
726 721 817 774 medio
835 721 883 789 qui

135 797 244 865 Scripta
262 796 321 849 foro
341 794 460 848 recitent
478 798 542 847 sunt
559 795 641 849 multi
659 796 762 865 quique
779 790 916 854 hiantes:
964 815 992 858 75
1032 876 1042 890 ,
1124 828 1125 854 1

135 873 223 927 Suare
242 873 316 925 locus
334 870 394 923 voci
413 872 523 922 resonat
541 870 689 923 conclusus.
726 871 825 925 Inanes

136 948 198 1002 Hoc
211 947 299 1015 juvat,
317 945 392 999 haud
411 944 479 997 illud
498 948 670 1014 quaerentes,
689 962 755 998 num
773 947 832 1001 sine
850 954 939 1016 sensu,
1011 943 1016 955 ’

136 1023 268 1091 Tempore
284 1038 351 1075 num
368 1020 470 1074 faciant
489 1020 585 1074 alieno.
621 1021 769 1076 “Laedere
789 1023 917 1091 gaudes,'’

136 1099 239 1168 Inquit,
259 1098 310 1152 “et
328 1097 380 1151 hoe
398 1095 489 1151 studio
506 1111 614 1164 prame,
627 1097 713 1151 facis?
748 1098 831 1153 Unde
848 1099 967 1168 petitum

136 1173 198 1228 Hoc
216 1174 246 1227 in
265 1189 310 1228 me
322 1172 412 1241 jacisl
447 1172 499 1225 Est
516 1175 611 1226 auctor
629 1172 691 1240 quis
710 1172 828 1242 denique
847 1191 941 1228 eorum
962 1191 987 1231 so

136 1249 203 1303 Vixi
221 1266 283 1303 cum
302 1248 419 1318 quibust
455 1248 606 1301 Absentem
620 1249 674 1317 ⁴qui
693 1248 768 1302 rodit
786 1251 918 1317 amicum;

137 1325 189 1388 Qui
207 1333 261 1379 non
282 1324 407 1378 defendit
425 1323 477 1377 alio
497 1324 641 1392 erdpante3
660 1323 762 1377 solutos

137 1400 190 1463 Qui
208 1404 301 1469 captat
316 1400 387 1453 risus
405 1399 544 1452 hominum
561 1399 717 1466 famamque
735 1399 850 1465 dicacis3

137 1475 254 1543 Fingere
273 1475 321 1543 qui
340 1491 394 1527 non
412 1474 470 1527 visa
487 1477 596 1543 potest;
614 1475 757 1528 commissa
773 1478 867 1531 tacere

137 1551 190 1616 Qui
208 1551 318 1618 nequit;
336 1550 381 1603 hic
399 1549 478 1616 niger
492 1553 542 1617 est,
554 1550 629 1602 hunc
644 1553 683 1617 tu,
696 1550 827 1619 Romane,
834 1555 941 1607 caveto.
962 1569 988 1609 8⁵

137 1627 224 1696 Saepe
244 1626 333 1680 tribus
350 1624 429 1678 lectis
447 1622 542 1678 videas
560 1640 676 1679 coenare
695 1630 850 1695 quaternos,

137 1703 160 1757 ’a
178 1702 275 1774 quibus
292 1717 363 1754 unus
382 1702 457 1754 amet
476 1700 572 1768 quavis
590 1701 756 1769 adspergere
774 1707 885 1757 cunctos
908 1752 910 1756 ,

137 1780 251 1833 Praeter
260 1795 321 1833 eum
329 1778 376 1847 qui
383 1776 499 1846 praebet
506 1782 694 1846 aquam3post
701 1779 773 1832 hunc
783 1781 987 1849 quoquepotus,

137 1855 253 1910 condita
270 1872 332 1909 cum
352 1870 436 1908 verax
454 1853 543 1922 aperit
562 1854 722 1922 praecordia
741 1854 831 1909 Liber.

137 1930 262 1985 nicasi
280 1929 550 1984 consecramus
568 1929 694 1997 liberque
712 1929 831 1998 edetur,
963 1945 987 1985 a
1068 1970 1071 1975 .
1119 1915 1122 1921 ’

137 2007 241 2061 Infesto
260 2007 352 2073 nigris.
388 2005 446 2074 Ego
467 2006 490 2059 si
509 2004 557 2058 risi
577 2005 652 2074 quod
671 2005 783 2074 ineptus
827 2014 832 2023 '

137 2082 263 2136 Pastillos
282 2081 400 2135 Rufillus
420 2081 483 2146 olet,
502 2081 655 2147 Gorgonius
674 2080 788 2149 hircum,

137 2156 249 2209 Invidus
267 2160 297 2208 et
314 2155 429 2209 mordax
447 2155 542 2207 videor
558 2154 629 2207 tibi?
664 2155 770 2209 Mentio
788 2154 813 2208 si
832 2172 888 2225 qua

136 2231 180 2284 De
200 2230 345 2298 Capitolini
363 2229 445 2280 fmtis
462 2228 567 2294 injecta
586 2227 678 2280 Petilli

136 2306 174 2359 'l'e
194 2320 283 2358 eoram
301 2302 392 2368 fuerit,
411 2301 545 2354 defendas
563 2306 597 2354 ut
616 2305 681 2354 tuus
701 2306 746 2356 est
763 2318 838 2358 mos:
964 2322 989 2362 ns

136 2380 205 2433 “Me
221 2377 389 2446 Capitolinus
404 2376 557 2429 convictore
578 2393 644 2429 usus
662 2376 804 2446 amicoque

136 2456 163 2510 A
181 2470 267 2524 puero
285 2455 335 2521 est,
354 2467 489 2520 causaque
508 2467 571 2505 mea
591 2452 729 2520 permulta
747 2457 861 2521 rogatus

135 2531 220 2595 Fecit,
235 2532 266 2583 et
282 2527 422 2582 incolumis
439 2526 528 2582 laetor
544 2527 619 2596 quod
636 2528 704 2583 vivit
720 2529 750 2583 in
766 2529 851 2595 urbe3

135 2605 192 2660 Sed
208 2609 301 2658 tamen
318 2604 445 2671 admiror,
464 2620 518 2673 quo
535 2608 616 2672 pacto
629 2603 765 2672 judicium
781 2606 851 2660 illud

135 2680 271 2750 Fugerit?
308 2678 363 2733 Hic
380 2679 474 2748 nigrae
492 2697 589 2735 succus
605 2680 730 2749 loliginis,
747 2682 815 2736 haec
832 2686 877 2736 est
953 2696 988 2737 too

134 2759 246 2825 Aerugo
262 2771 346 2809 mera.
381 2756 461 2819 Quod
477 2756 576 2811 vitium
592 2757 686 2826 procul
704 2759 779 2813 aiore
797 2758 899 2812 chartis
916 2809 918 2812 ,

135 2835 230 2903 Atque
245 2832 338 2887 animo
354 2831 438 2900 prius,
455 2832 489 2885 dt
506 2832 529 2886 si
547 2833 616 2902 quid
633 2834 795 2901 promittere
813 2834 849 2888 de
866 2850 911 2888 me

135 2910 250 2962 Possum
267 2908 341 2962 aliud
358 2923 430 2975 vere,
448 2908 587 2976 promitto.
622 2908 748 2964 Liberius
765 2910 789 2964 si

134 2984 238 3039 Dixere
256 2983 330 3053 quid,
348 2983 371 3036 si
388 2983 459 3037 forte
472 2983 600 3064 jpcosius,
617 2985 669 3039 hoe
686 2986 753 3039 mihi
767 2985 839 3054 juris

134 3058 204 3113 (ium
221 3060 300 3113 senia
317 3057 409 3113 dabis:
427 3059 546 3113 insuevit
562 3064 644 3131 pater
661 3062 780 3129 optimus
797 3061 849 3114 hoe
865 3076 918 3129 me,
952 3074 986 3116 105

133 3133 175 3187 Ut
191 3135 314 3203 fugerem
332 3135 464 3202 exemplis
480 3135 610 3188 vitiorum
628 3152 754 3205 quaeque
771 3135 899 3189 notando.

133 3206 204 3262 Cum
221 3225 265 3264 me
283 3210 448 3278 hortaretur,
464 3225 554 3279 parce,
571 3211 722 3278 frugaliter,
740 3213 824 3279 atque
