2275 3550
447 208 595 258 EPODON
612 208 729 269 LIBER,
749 212 771 257 3.
1000 212 1032 259 89

276 287 980 357 Pavidumqueleporemetadvcnamlnqneogiuem
1008 306 1032 346 ss

311 363 439 417 «Iucunda
457 369 549 433 captat
567 366 696 432 praemia

277 438 344 505 Quis
361 456 415 493 000
433 440 566 494 malarum
584 456 652 508 quaa
669 456 747 493 amor
765 455 845 493 curas
863 439 947 495 habet

312 515 391 568 Haec
408 515 482 568 inter
499 515 689 569 obliviscitur?

277 590 381 656 Quodsi
398 590 498 659 pudica
515 591 615 644 mulier
631 591 660 643 in
677 594 785 659 partem
799 589 881 658 juvet

311 665 431 720 Domum
448 670 532 735 atque
551 666 645 720 dulces
662 665 771 733 liberos,
1007 683 1032 723 40

276 740 377 796 Sabina
395 741 482 810 qualis
500 746 549 795 aut
565 745 680 811 pemsta
698 740 800 795 solibus

310 816 433 871 Pernicis
451 834 521 870 uxor
539 817 632 886 Apuli,

275 890 387 947 Sacrum
406 893 522 947 vetustis
539 895 666 947 exstruat
683 891 765 961 lignis
781 891 871 946 focum

309 966 388 1020 Lassi
406 967 457 1020 sub
474 967 624 1022 adventum
641 968 701 1035 riri,

275 1040 466 1111 claudensque
483 1044 568 1097 textis
585 1043 707 1097 cratibus
724 1043 828 1097 laetum
845 1058 929 1111 pecus
1006 1056 1030 1097 rs

311 1115 442 1170 Distenta
458 1117 543 1172 siccet
559 1118 653 1185 ubera,

275 1190 314 1245 llt
330 1191 417 1246 horna
434 1192 508 1246 dulci
525 1194 588 1246 rina
605 1209 733 1261 promens
751 1192 823 1247 dolio

310 1265 405 1334 Dapes
421 1267 558 1336 inemptas
575 1271 707 1336 apparet:

275 1340 303 1394 N
304 1357 339 1394 00
356 1358 402 1395 me
420 1342 539 1397 Lucrina
552 1342 677 1411 juverint
693 1342 831 1410 conchylia

311 1416 436 1488 Magisve
453 1418 583 1472 rhombus
600 1423 650 1473 aut
667 1418 746 1486 scari,
1002 1432 1029 1474 to

275 1491 305 1546 Si
322 1509 391 1560 quos
408 1493 474 1547 Eois
490 1494 616 1548 intonata
634 1494 763 1548 fluctibus

309 1567 409 1621 Hiems
426 1568 463 1623 ad
480 1568 532 1623 hoc
549 1574 642 1623 vertat
658 1585 751 1634 mare3
995 1606 1006 1641 ί

273 1642 300 1695 N
302 1659 337 1696 00
356 1643 427 1697 Afra
443 1644 501 1698 aris
520 1644 671 1699 descendat
688 1645 718 1698 in
735 1647 863 1699 ventrem
880 1657 979 1713 meum,
1016 1647 1029 1663 ‘

307 1717 334 1770 N
335 1734 371 1771 00
387 1722 500 1788 attagen
518 1720 629 1775 lonicus

273 1793 293 1846 J
294 1794 433 1861 ncundior,
450 1812 533 1862 quam
549 1796 623 1849 lecta
640 1795 676 1849 de
692 1794 878 1863 pinguissimis
1003 1807 1028 1847 ⁶5

309 1868 389 1922 Oliva
406 1870 490 1921 ramis
508 1870 637 1923 arborum

275 1947 336 1997 Ant
352 1943 438 1997 herba
454 1944 558 2011 lapathi
575 1948 656 2013 prata
671 1943 790 1998 amantis
806 1947 836 1997 et
852 1942 929 2011 gravi

308 2018 417 2072 Malvae
436 2018 559 2073 salubres
577 2018 693 2087 corpori,

274 2093 328 2147 Vel
346 2110 417 2161 agna
434 2094 513 2148 festis
530 2111 610 2148 caesa
627 2092 831 2160 Terminalibus,

308 2168 363 2222 Vel
379 2169 485 2222 haedus
503 2173 616 2239 ereptus
633 2169 705 2238 lupo.
1002 2182 1027 2223 co

274 2243 334 2299 Has
350 2244 426 2298 inter
443 2244 536 2312 epulas
553 2249 586 2298 ut
599 2245 681 2312 juvat
699 2248 792 2314 pastas
809 2260 873 2298 oves
922 2267 931 2280 s

307 2319 412 2374 Videre
429 2323 608 2389 properantes
626 2321 745 2388 domum,
819 2325 821 2330 '
963 2309 969 2330 ⁸

274 2393 377 2449 Videre
393 2395 481 2449 fessos
498 2412 637 2449 vomerem
654 2395 792 2449 inversum
810 2393 894 2449 boves

307 2470 384 2524 (tollo
401 2471 543 2525 trahentes
560 2471 698 2539 languido,

273 2545 435 2615 Positosque
452 2563 557 2616 vernas,
576 2547 643 2601 ditis
661 2562 776 2600 examen
792 2544 897 2610 domus,
1001 2557 1025 2598 ts

308 2622 416 2677 Circum
434 2623 594 2677 renidentes
613 2622 713 2696 Lares!

273 2695 352 2751 Haec
368 2697 416 2751 ubi
434 2697 541 2752 locutus
559 2697 698 2752 fenerator
715 2695 840 2765 Alphius,

306 2772 372 2825 Jam
386 2772 446 2840 jam
462 2773 574 2827 futurus
591 2773 717 2841 misticus,
744 2811 747 2816 -

273 2845 390 2901 Omnem
406 2847 516 2916 redegit
533 2848 632 2902 Idibus
647 2848 799 2918 pecuniam,

308 2921 423 2986 Quaerit
441 2922 577 2978 Kalendis
593 2939 703 2994 ponere.

274 3143 416 3201 Psnnnms
433 3147 498 3201 olim
516 3149 539 3202 si
558 3065 722 3218 011111110ρί0
737 3161 822 3200 mann

307 3219 400 3275 Senile
416 3226 514 3290 guttur
531 3224 655 3292 fregerit,
