<?xml version="1.0" encoding="UTF-8"?>
<!DOCTYPE html PUBLIC "-//W3C//DTD XHTML 1.0 Transitional//EN"
    "http://www.w3.org/TR/xhtml1/DTD/xhtml1-transitional.dtd">
<html xmlns="http://www.w3.org/1999/xhtml" xml:lang="en" lang="en">
 <head>
  <title>
</title>
<meta http-equiv="Content-Type" content="text/html;charset=utf-8" />
  <meta name='ocr-system' content='tesseract 3.04.00' />
  <meta name='ocr-capabilities' content='ocr_page ocr_carea ocr_par ocr_line ocrx_word'/>
</head>
<body>
  <div class='ocr_page' id='page_1' title='image "./quintihoraticfl00maclgoog_0058.png"; bbox 0 0 2275 3550; ppageno 0'>
   <div class='ocr_carea' id='block_1_1' title="bbox 19 178 711 247">
    <p class='ocr_par' dir='ltr' id='par_1_1' title="bbox 19 178 711 247">
     <span class='ocr_line' id='line_1_1' title="bbox 19 178 711 247; baseline 0 -1"><span class='ocrx_word' id='word_1_1' title='bbox 19 178 20 185; x_wconf 76' lang='grc'>’</span> <span class='ocrx_word' id='word_1_2' title='bbox 137 189 168 236; x_wconf 73' lang='lat'><strong>46</strong></span> <span class='ocrx_word' id='word_1_3' title='bbox 411 198 565 247; x_wconf 76' lang='lat' dir='ltr'><strong>nonam</strong></span> <span class='ocrx_word' id='word_1_4' title='bbox 582 197 711 246; x_wconf 73' lang='lat' dir='ltr'><strong>eunom</strong></span> 
     </span>
    </p>
   </div>
   <div class='ocr_carea' id='block_1_2' title="bbox 275 277 859 724">
    <p class='ocr_par' dir='ltr' id='par_1_2' title="bbox 275 277 859 724">
     <span class='ocr_line' id='line_1_2' title="bbox 309 277 710 345; baseline -0.002 -12"><span class='ocrx_word' id='word_1_5' title='bbox 309 279 424 334; x_wconf 80' lang='lat' dir='ltr'><strong>Excisus</strong></span> <span class='ocrx_word' id='word_1_6' title='bbox 443 277 561 345; x_wconf 80' lang='lat' dir='ltr'><strong>Argivis,</strong></span> <span class='ocrx_word' id='word_1_7' title='bbox 580 281 624 332; x_wconf 91' lang='lat' dir='ltr'><strong>ter</strong></span> <span class='ocrx_word' id='word_1_8' title='bbox 640 294 710 332; x_wconf 83' lang='lat' dir='ltr'><strong>uxor</strong></span> 
     </span>
     <span class='ocr_line' id='line_1_3' title="bbox 344 352 820 422; baseline -0.002 -14"><span class='ocrx_word' id='word_1_9' title='bbox 344 354 431 422; x_wconf 77' lang='lat' dir='ltr'><strong>Capta</strong></span> <span class='ocrx_word' id='word_1_10' title='bbox 448 354 536 406; x_wconf 85' lang='lat' dir='ltr'><strong>virum</strong></span> <span class='ocrx_word' id='word_1_11' title='bbox 553 369 708 422; x_wconf 86' lang='lat' dir='ltr'><strong>puerosque</strong></span> <span class='ocrx_word' id='word_1_12' title='bbox 723 352 820 421; x_wconf 89' lang='lat' dir='ltr'><strong>ploret</strong></span> 
     </span>
     <span class='ocr_line' id='line_1_4' title="bbox 275 427 796 497; baseline 0 -14"><span class='ocrx_word' id='word_1_13' title='bbox 275 427 302 483; x_wconf 87' lang='lat' dir='ltr'>N</span> <span class='ocrx_word' id='word_1_14' title='bbox 304 445 339 482; x_wconf 92' lang='lat' dir='ltr'><strong>on</strong></span> <span class='ocrx_word' id='word_1_15' title='bbox 355 429 406 483; x_wconf 87' lang='lat' dir='ltr'><strong>hoo</strong></span> <span class='ocrx_word' id='word_1_16' title='bbox 419 428 530 496; x_wconf 83' lang='lat' dir='ltr'><strong>jocosae</strong></span> <span class='ocrx_word' id='word_1_17' title='bbox 547 429 692 483; x_wconf 79' lang='lat' dir='ltr'><strong>conveniet</strong></span> <span class='ocrx_word' id='word_1_18' title='bbox 709 428 796 497; x_wconf 84' lang='lat' dir='ltr'><strong>lyrae:</strong></span> 
     </span>
     <span class='ocr_line' id='line_1_5' title="bbox 276 503 859 572; baseline 0.003 -16"><span class='ocrx_word' id='word_1_19' title='bbox 276 504 344 571; x_wconf 82' lang='lat' dir='ltr'><strong>Quo,</strong></span> <span class='ocrx_word' id='word_1_20' title='bbox 362 504 450 571; x_wconf 89' lang='lat' dir='ltr'><strong>Musa,</strong></span> <span class='ocrx_word' id='word_1_21' title='bbox 467 503 578 558; x_wconf 78' lang='lat' dir='ltr'><strong>tendisl</strong></span> <span class='ocrx_word' id='word_1_22' title='bbox 613 503 715 558; x_wconf 85' lang='lat' dir='ltr'>Desine</span> <span class='ocrx_word' id='word_1_23' title='bbox 732 503 859 572; x_wconf 80' lang='lat' dir='ltr'><strong>pervieax</strong></span> 
     </span>
     <span class='ocr_line' id='line_1_6' title="bbox 310 579 760 633; baseline 0.002 -1"><span class='ocrx_word' id='word_1_24' title='bbox 310 579 425 633; x_wconf 81' lang='lat' dir='ltr'><strong>Referre</strong></span> <span class='ocrx_word' id='word_1_25' title='bbox 442 595 582 633; x_wconf 87' lang='lat' dir='ltr'><strong>sermones</strong></span> <span class='ocrx_word' id='word_1_26' title='bbox 600 579 713 633; x_wconf 88' lang='lat' dir='ltr'><strong>deorum</strong></span> <span class='ocrx_word' id='word_1_27' title='bbox 730 583 760 633; x_wconf 91' lang='lat' dir='ltr'><strong>et</strong></span> 
     </span>
     <span class='ocr_line' id='line_1_7' title="bbox 344 654 800 724; baseline -0.002 -14"><span class='ocrx_word' id='word_1_28' title='bbox 344 654 445 722; x_wconf 82' lang='lat' dir='ltr'><strong>Magna</strong></span> <span class='ocrx_word' id='word_1_29' title='bbox 462 654 551 708; x_wconf 87' lang='lat' dir='ltr'><strong>modis</strong></span> <span class='ocrx_word' id='word_1_30' title='bbox 568 658 684 709; x_wconf 89' lang='lat' dir='ltr'><strong>tenuare</strong></span> <span class='ocrx_word' id='word_1_31' title='bbox 700 654 800 724; x_wconf 76' lang='lat' dir='ltr'><strong>parvis,</strong></span> 
     </span>
    </p>
   </div>
   <div class='ocr_carea' id='block_1_3' title="bbox 518 793 589 851">
    <p class='ocr_par' dir='ltr' id='par_1_3' title="bbox 518 793 589 851">
     <span class='ocr_line' id='line_1_8' title="bbox 518 793 589 851; baseline -0.056 0"><span class='ocrx_word' id='word_1_32' title='bbox 518 842 523 851; x_wconf 91' lang='lat'>.</span> <span class='ocrx_word' id='word_1_33' title='bbox 537 793 589 848; x_wconf 86' lang='lat' dir='ltr'><strong>IV.</strong></span> 
     </span>
    </p>
   </div>
   <div class='ocr_carea' id='block_1_4' title="bbox 275 875 989 2223">
    <p class='ocr_par' dir='ltr' id='par_1_4' title="bbox 275 875 989 2223">
     <span class='ocr_line' id='line_1_9' title="bbox 275 875 782 943; baseline -0.004 -12"><span class='ocrx_word' id='word_1_34' title='bbox 275 876 427 931; x_wconf 80' lang='lat' dir='ltr'><strong>Drsenunu</strong></span> <span class='ocrx_word' id='word_1_35' title='bbox 443 876 517 931; x_wconf 84' lang='lat' dir='ltr'><strong>eaelo</strong></span> <span class='ocrx_word' id='word_1_36' title='bbox 534 880 564 930; x_wconf 93' lang='lat' dir='ltr'><strong>et</strong></span> <span class='ocrx_word' id='word_1_37' title='bbox 582 876 627 929; x_wconf 86' lang='lat' dir='ltr'><strong>die</strong></span> <span class='ocrx_word' id='word_1_38' title='bbox 644 891 696 943; x_wconf 84' lang='lat' dir='ltr'><strong>age</strong></span> <span class='ocrx_word' id='word_1_39' title='bbox 712 875 782 930; x_wconf 91' lang='lat' dir='ltr'><strong>tibia</strong></span> 
     </span>
     <span class='ocr_line' id='line_1_10' title="bbox 278 950 760 1020; baseline -0.006 -14"><span class='ocrx_word' id='word_1_40' title='bbox 278 952 385 1020; x_wconf 82' lang='lat' dir='ltr'><strong>Regina</strong></span> <span class='ocrx_word' id='word_1_41' title='bbox 401 951 511 1019; x_wconf 79' lang='lat' dir='ltr'><strong>longum</strong></span> <span class='ocrx_word' id='word_1_42' title='bbox 529 951 650 1019; x_wconf 80' lang='lat' dir='ltr'><strong>Calliope</strong></span> <span class='ocrx_word' id='word_1_43' title='bbox 668 950 760 1018; x_wconf 86' lang='lat' dir='ltr'><strong>melos,</strong></span> 
     </span>
     <span class='ocr_line' id='line_1_11' title="bbox 310 1027 746 1093; baseline -0.007 -11"><span class='ocrx_word' id='word_1_44' title='bbox 310 1027 367 1083; x_wconf 83' lang='lat' dir='ltr'><strong>Seu</strong></span> <span class='ocrx_word' id='word_1_45' title='bbox 383 1042 449 1081; x_wconf 84' lang='lat' dir='ltr'><strong>voce</strong></span> <span class='ocrx_word' id='word_1_46' title='bbox 465 1043 539 1081; x_wconf 88' lang='lat' dir='ltr'><strong>nune</strong></span> <span class='ocrx_word' id='word_1_47' title='bbox 555 1027 642 1080; x_wconf 84' lang='lat' dir='ltr'><strong>mavis</strong></span> <span class='ocrx_word' id='word_1_48' title='bbox 658 1029 746 1093; x_wconf 79' lang='lat' dir='ltr'><strong>aauta,</strong></span> 
     </span>
     <span class='ocr_line' id='line_1_12' title="bbox 346 1100 823 1171; baseline -0.002 -13"><span class='ocrx_word' id='word_1_49' title='bbox 346 1102 402 1158; x_wconf 82' lang='lat' dir='ltr'><strong>Seu</strong></span> <span class='ocrx_word' id='word_1_50' title='bbox 418 1101 519 1156; x_wconf 82' lang='lat' dir='ltr'><strong>fidibus</strong></span> <span class='ocrx_word' id='word_1_51' title='bbox 536 1102 695 1171; x_wconf 79' lang='lat' dir='ltr'><strong>citharaque</strong></span> <span class='ocrx_word' id='word_1_52' title='bbox 713 1100 823 1158; x_wconf 81' lang='lat' dir='ltr'><strong>Phoebi.</strong></span> 
     </span>
     <span class='ocr_line' id='line_1_13' title="bbox 278 1177 988 1246; baseline -0.001 -14"><span class='ocrx_word' id='word_1_53' title='bbox 278 1178 398 1246; x_wconf 80' lang='lat' dir='ltr'>Auditis,</span> <span class='ocrx_word' id='word_1_54' title='bbox 414 1194 452 1232; x_wconf 88' lang='lat' dir='ltr'><strong>an</strong></span> <span class='ocrx_word' id='word_1_55' title='bbox 462 1193 513 1246; x_wconf 71' lang='lat' dir='ltr'><strong>,me</strong></span> <span class='ocrx_word' id='word_1_56' title='bbox 530 1178 603 1231; x_wconf 88' lang='lat' dir='ltr'><strong>ludit</strong></span> <span class='ocrx_word' id='word_1_57' title='bbox 619 1177 743 1232; x_wconf 84' lang='lat' dir='ltr'><strong>amabilis</strong></span> <span class='ocrx_word' id='word_1_58' title='bbox 975 1193 988 1231; x_wconf 79' lang='lat' dir='ltr'><strong>s</strong></span> 
     </span>
     <span class='ocr_line' id='line_1_14' title="bbox 278 1252 787 1322; baseline -0.008 -12"><span class='ocrx_word' id='word_1_59' title='bbox 278 1254 409 1310; x_wconf 79' lang='lat' dir='ltr'><strong>Insanial</strong></span> <span class='ocrx_word' id='word_1_60' title='bbox 444 1253 551 1307; x_wconf 84' lang='lat' dir='ltr'><strong>Audire</strong></span> <span class='ocrx_word' id='word_1_61' title='bbox 569 1256 599 1307; x_wconf 91' lang='lat' dir='ltr'><strong>et</strong></span> <span class='ocrx_word' id='word_1_62' title='bbox 615 1252 711 1306; x_wconf 85' lang='lat' dir='ltr'><strong>videor</strong></span> <span class='ocrx_word' id='word_1_63' title='bbox 727 1253 787 1322; x_wconf 89' lang='lat' dir='ltr'><strong>pios</strong></span> 
     </span>
     <span class='ocr_line' id='line_1_15' title="bbox 311 1329 717 1398; baseline 0 -15"><span class='ocrx_word' id='word_1_64' title='bbox 311 1330 412 1383; x_wconf 80' lang='lat' dir='ltr'>Errare</span> <span class='ocrx_word' id='word_1_65' title='bbox 427 1344 479 1398; x_wconf 90' lang='lat' dir='ltr'><strong>per</strong></span> <span class='ocrx_word' id='word_1_66' title='bbox 495 1329 569 1383; x_wconf 86' lang='lat' dir='ltr'><strong>lucos</strong></span> <span class='ocrx_word' id='word_1_67' title='bbox 587 1344 717 1383; x_wconf 80' lang='lat' dir='ltr'><strong>amoenae</strong></span> 
     </span>
     <span class='ocr_line' id='line_1_16' title="bbox 277 1403 862 1471; baseline 0.002 -14"><span class='ocrx_word' id='word_1_68' title='bbox 277 1445 280 1450; x_wconf 89' lang='lat'>.</span> <span class='ocrx_word' id='word_1_69' title='bbox 347 1404 421 1467; x_wconf 80' lang='lat' dir='ltr'><strong>Quos</strong></span> <span class='ocrx_word' id='word_1_70' title='bbox 437 1407 467 1458; x_wconf 90' lang='lat' dir='ltr'><strong>et</strong></span> <span class='ocrx_word' id='word_1_71' title='bbox 484 1420 573 1471; x_wconf 88' lang='lat' dir='ltr'><strong>aquae</strong></span> <span class='ocrx_word' id='word_1_72' title='bbox 590 1403 708 1457; x_wconf 90' lang='lat' dir='ltr'><strong>subeunt</strong></span> <span class='ocrx_word' id='word_1_73' title='bbox 725 1406 755 1456; x_wconf 90' lang='lat' dir='ltr'><strong>et</strong></span> <span class='ocrx_word' id='word_1_74' title='bbox 771 1420 862 1458; x_wconf 85' lang='lat' dir='ltr'><strong>aurae.</strong></span> 
     </span>
     <span class='ocr_line' id='line_1_17' title="bbox 278 1477 773 1546; baseline -0.006 -14"><span class='ocrx_word' id='word_1_75' title='bbox 278 1477 326 1532; x_wconf 89' lang='lat' dir='ltr'><strong>Me</strong></span> <span class='ocrx_word' id='word_1_76' title='bbox 341 1478 480 1531; x_wconf 78' lang='lat' dir='ltr'><strong>fabulosae</strong></span> <span class='ocrx_word' id='word_1_77' title='bbox 497 1478 617 1532; x_wconf 81' lang='lat' dir='ltr'><strong>Vulture</strong></span> <span class='ocrx_word' id='word_1_78' title='bbox 633 1479 663 1530; x_wconf 91' lang='lat' dir='ltr'><strong>in</strong></span> <span class='ocrx_word' id='word_1_79' title='bbox 682 1477 773 1546; x_wconf 81' lang='lat' dir='ltr'><strong>Apulo</strong></span> 
     </span>
     <span class='ocr_line' id='line_1_18' title="bbox 279 1552 723 1620; baseline 0 -14"><span class='ocrx_word' id='word_1_80' title='bbox 279 1553 392 1606; x_wconf 80' lang='lat' dir='ltr'><strong>Altrieis</strong></span> <span class='ocrx_word' id='word_1_81' title='bbox 409 1555 488 1606; x_wconf 87' lang='lat' dir='ltr'><strong>extra</strong></span> <span class='ocrx_word' id='word_1_82' title='bbox 504 1552 588 1605; x_wconf 89' lang='lat' dir='ltr'><strong>limen</strong></span> <span class='ocrx_word' id='word_1_83' title='bbox 606 1552 723 1620; x_wconf 84' lang='lat' dir='ltr'><strong>Apuliae</strong></span> 
     </span>
     <span class='ocr_line' id='line_1_19' title="bbox 311 1626 719 1696; baseline -0.002 -15"><span class='ocrx_word' id='word_1_84' title='bbox 311 1627 391 1681; x_wconf 85' lang='lat' dir='ltr'><strong>Ludo</strong></span> <span class='ocrx_word' id='word_1_85' title='bbox 406 1626 608 1696; x_wconf 80' lang='lat' dir='ltr'><strong>fatigatumque</strong></span> <span class='ocrx_word' id='word_1_86' title='bbox 625 1643 719 1680; x_wconf 90' lang='lat' dir='ltr'><strong>somno</strong></span> 
     </span>
     <span class='ocr_line' id='line_1_20' title="bbox 346 1701 835 1771; baseline 0.002 -15"><span class='ocrx_word' id='word_1_87' title='bbox 346 1701 455 1756; x_wconf 80' lang='lat' dir='ltr'><strong>Fronde</strong></span> <span class='ocrx_word' id='word_1_88' title='bbox 472 1717 542 1756; x_wconf 78' lang='lat' dir='ltr'><strong>nova</strong></span> <span class='ocrx_word' id='word_1_89' title='bbox 559 1718 674 1770; x_wconf 89' lang='lat' dir='ltr'><strong>puerum</strong></span> <span class='ocrx_word' id='word_1_90' title='bbox 691 1702 835 1771; x_wconf 83' lang='lat' dir='ltr'><strong>palumbes</strong></span> 
     </span>
     <span class='ocr_line' id='line_1_21' title="bbox 279 1778 841 1848; baseline 0.004 -16"><span class='ocrx_word' id='word_1_91' title='bbox 279 1778 393 1847; x_wconf 71' lang='lat' dir='ltr'><strong>Tenere,</strong></span> <span class='ocrx_word' id='word_1_92' title='bbox 409 1779 509 1832; x_wconf 89' lang='lat' dir='ltr'><strong>mirum</strong></span> <span class='ocrx_word' id='word_1_93' title='bbox 527 1778 602 1846; x_wconf 87' lang='lat' dir='ltr'><strong>quod</strong></span> <span class='ocrx_word' id='word_1_94' title='bbox 619 1779 691 1832; x_wconf 84' lang='lat' dir='ltr'><strong>foret</strong></span> <span class='ocrx_word' id='word_1_95' title='bbox 707 1778 841 1848; x_wconf 89' lang='lat' dir='ltr'><strong>omnibus,</strong></span> 
     </span>
     <span class='ocr_line' id='line_1_22' title="bbox 282 1854 859 1924; baseline 0.003 -16"><span class='ocrx_word' id='word_1_96' title='bbox 282 1854 442 1924; x_wconf 82' lang='lat' dir='ltr'><strong>Quicunque</strong></span> <span class='ocrx_word' id='word_1_97' title='bbox 459 1854 547 1908; x_wconf 81' lang='lat' dir='ltr'><strong>celsae</strong></span> <span class='ocrx_word' id='word_1_98' title='bbox 563 1854 659 1908; x_wconf 90' lang='lat' dir='ltr'><strong>nidum</strong></span> <span class='ocrx_word' id='word_1_99' title='bbox 677 1854 859 1911; x_wconf 87' lang='lat' dir='ltr'><strong>Acherontiae</strong></span> 
     </span>
     <span class='ocr_line' id='line_1_23' title="bbox 312 1929 989 1998; baseline 0.004 -14"><span class='ocrx_word' id='word_1_100' title='bbox 312 1929 459 1998; x_wconf 77' lang='lat' dir='ltr'><strong>Saltusque</strong></span> <span class='ocrx_word' id='word_1_101' title='bbox 477 1929 610 1984; x_wconf 80' lang='lat' dir='ltr'><strong>Bantinos</strong></span> <span class='ocrx_word' id='word_1_102' title='bbox 627 1933 657 1984; x_wconf 92' lang='lat' dir='ltr'><strong>et</strong></span> <span class='ocrx_word' id='word_1_103' title='bbox 674 1946 769 1983; x_wconf 82' lang='lat' dir='ltr'><strong>arvum</strong></span> <span class='ocrx_word' id='word_1_104' title='bbox 966 1948 989 1988; x_wconf 73' lang='grc' dir='ltr'><strong>ιε</strong></span> 
     </span>
     <span class='ocr_line' id='line_1_24' title="bbox 348 2005 830 2074; baseline 0.002 -15"><span class='ocrx_word' id='word_1_105' title='bbox 348 2006 452 2073; x_wconf 79' lang='lat' dir='ltr'><strong>Pingue</strong></span> <span class='ocrx_word' id='word_1_106' title='bbox 469 2008 566 2060; x_wconf 88' lang='lat' dir='ltr'><strong>tenent</strong></span> <span class='ocrx_word' id='word_1_107' title='bbox 582 2005 692 2060; x_wconf 88' lang='lat' dir='ltr'><strong>humilis</strong></span> <span class='ocrx_word' id='word_1_108' title='bbox 710 2005 830 2074; x_wconf 85' lang='lat' dir='ltr'><strong>Forenti,</strong></span> 
     </span>
     <span class='ocr_line' id='line_1_25' title="bbox 279 2080 784 2149; baseline 0.004 -16"><span class='ocrx_word' id='word_1_109' title='bbox 279 2080 322 2133; x_wconf 89' lang='lat' dir='ltr'><strong>Ut</strong></span> <span class='ocrx_word' id='word_1_110' title='bbox 338 2083 400 2135; x_wconf 89' lang='lat' dir='ltr'><strong>tuto</strong></span> <span class='ocrx_word' id='word_1_111' title='bbox 417 2080 452 2134; x_wconf 90' lang='lat' dir='ltr'><strong>ab</strong></span> <span class='ocrx_word' id='word_1_112' title='bbox 469 2080 537 2134; x_wconf 89' lang='lat' dir='ltr'><strong>atris</strong></span> <span class='ocrx_word' id='word_1_113' title='bbox 554 2097 667 2149; x_wconf 89' lang='lat' dir='ltr'><strong>eorpore</strong></span> <span class='ocrx_word' id='word_1_114' title='bbox 684 2081 784 2148; x_wconf 86' lang='lat' dir='ltr'><strong>viperis</strong></span> 
     </span>
     <span class='ocr_line' id='line_1_26' title="bbox 278 2154 877 2223; baseline 0.007 -16"><span class='ocrx_word' id='word_1_115' title='bbox 278 2154 432 2208; x_wconf 76' lang='lat' dir='ltr'><strong>Dor-mirem</strong></span> <span class='ocrx_word' id='word_1_116' title='bbox 451 2159 481 2208; x_wconf 92' lang='lat' dir='ltr'><strong>et</strong></span> <span class='ocrx_word' id='word_1_117' title='bbox 497 2155 577 2220; x_wconf 84' lang='lat' dir='ltr'><strong>ursis,</strong></span> <span class='ocrx_word' id='word_1_118' title='bbox 594 2159 627 2209; x_wconf 91' lang='lat' dir='ltr'><strong>ut</strong></span> <span class='ocrx_word' id='word_1_119' title='bbox 643 2171 783 2223; x_wconf 88' lang='lat' dir='ltr'><strong>premerer</strong></span> <span class='ocrx_word' id='word_1_120' title='bbox 800 2171 877 2211; x_wconf 86' lang='lat' dir='ltr'><strong>saera</strong></span> 
     </span>
    </p>
   </div>
   <div class='ocr_carea' id='block_1_5' title="bbox 315 2228 990 2361">
    <p class='ocr_par' dir='ltr' id='par_1_5' title="bbox 315 2228 990 2361">
     <span class='ocr_line' id='line_1_27' title="bbox 315 2228 745 2297; baseline 0.002 -16"><span class='ocrx_word' id='word_1_121' title='bbox 315 2229 460 2297; x_wconf 81' lang='lat' dir='ltr'><strong>lauroque</strong></span> <span class='ocrx_word' id='word_1_122' title='bbox 477 2228 631 2296; x_wconf 85' lang='lat' dir='ltr'><strong>collataque</strong></span> <span class='ocrx_word' id='word_1_123' title='bbox 648 2233 745 2297; x_wconf 79' lang='lat' dir='ltr'><strong>myrto,</strong></span> 
     </span>
     <span class='ocr_line' id='line_1_28' title="bbox 346 2302 990 2361; baseline 0.009 -6"><span class='ocrx_word' id='word_1_124' title='bbox 346 2302 410 2355; x_wconf 87' lang='lat' dir='ltr'><strong>Non</strong></span> <span class='ocrx_word' id='word_1_125' title='bbox 427 2302 486 2355; x_wconf 88' lang='lat' dir='ltr'><strong>sine</strong></span> <span class='ocrx_word' id='word_1_126' title='bbox 503 2302 546 2355; x_wconf 86' lang='lat' dir='ltr'><strong>dis</strong></span> <span class='ocrx_word' id='word_1_127' title='bbox 564 2303 700 2357; x_wconf 89' lang='lat' dir='ltr'><strong>animosus</strong></span> <span class='ocrx_word' id='word_1_128' title='bbox 717 2303 813 2358; x_wconf 82' lang='lat' dir='ltr'><strong>infans.</strong></span> <span class='ocrx_word' id='word_1_129' title='bbox 965 2321 990 2361; x_wconf 79' lang='lat' dir='ltr'><strong>ao</strong></span> 
     </span>
    </p>
   </div>
   <div class='ocr_carea' id='block_1_6' title="bbox 279 2376 992 2824">
    <p class='ocr_par' dir='ltr' id='par_1_6' title="bbox 279 2376 992 2824">
     <span class='ocr_line' id='line_1_29' title="bbox 279 2376 887 2445; baseline 0.005 -15"><span class='ocrx_word' id='word_1_130' title='bbox 279 2376 388 2444; x_wconf 85' lang='lat' dir='ltr'><strong>Vester,</strong></span> <span class='ocrx_word' id='word_1_131' title='bbox 407 2376 551 2445; x_wconf 81' lang='lat' dir='ltr'><strong>Camenae,</strong></span> <span class='ocrx_word' id='word_1_132' title='bbox 569 2380 662 2431; x_wconf 80' lang='lat' dir='ltr'><strong>vester</strong></span> <span class='ocrx_word' id='word_1_133' title='bbox 678 2378 706 2430; x_wconf 92' lang='lat' dir='ltr'><strong>in</strong></span> <span class='ocrx_word' id='word_1_134' title='bbox 723 2378 824 2433; x_wconf 89' lang='lat' dir='ltr'><strong>arduos</strong></span> <span class='ocrx_word' id='word_1_135' title='bbox 881 2402 887 2412; x_wconf 65' lang='grc'><strong><em>’</em></strong></span> 
     </span>
     <span class='ocr_line' id='line_1_30' title="bbox 280 2449 811 2520; baseline 0.006 -16"><span class='ocrx_word' id='word_1_136' title='bbox 280 2451 370 2504; x_wconf 77' lang='lat' dir='ltr'><strong>Tollor</strong></span> <span class='ocrx_word' id='word_1_137' title='bbox 388 2449 510 2520; x_wconf 80' lang='lat' dir='ltr'><strong>Sabinos,</strong></span> <span class='ocrx_word' id='word_1_138' title='bbox 529 2467 578 2505; x_wconf 91' lang='lat' dir='ltr'><strong>seu</strong></span> <span class='ocrx_word' id='word_1_139' title='bbox 596 2451 663 2504; x_wconf 91' lang='lat' dir='ltr'><strong>mihi</strong></span> <span class='ocrx_word' id='word_1_140' title='bbox 680 2452 811 2520; x_wconf 82' lang='lat' dir='ltr'><strong>frigidum</strong></span> 
     </span>
     <span class='ocr_line' id='line_1_31' title="bbox 314 2525 779 2596; baseline -0.002 -14"><span class='ocrx_word' id='word_1_141' title='bbox 314 2526 464 2582; x_wconf 86' lang='lat' dir='ltr'><strong>Praeneste</strong></span> <span class='ocrx_word' id='word_1_142' title='bbox 482 2542 532 2580; x_wconf 89' lang='lat' dir='ltr'><strong>seu</strong></span> <span class='ocrx_word' id='word_1_143' title='bbox 548 2525 634 2580; x_wconf 85' lang='lat' dir='ltr'><strong>&#39;libur</strong></span> <span class='ocrx_word' id='word_1_144' title='bbox 651 2528 779 2596; x_wconf 88' lang='lat' dir='ltr'><strong>supinum</strong></span> 
     </span>
     <span class='ocr_line' id='line_1_32' title="bbox 348 2601 795 2670; baseline 0.004 -14"><span class='ocrx_word' id='word_1_145' title='bbox 348 2602 402 2656; x_wconf 85' lang='lat' dir='ltr'><strong>Seu</strong></span> <span class='ocrx_word' id='word_1_146' title='bbox 420 2601 540 2670; x_wconf 83' lang='lat' dir='ltr'><strong>liquidae</strong></span> <span class='ocrx_word' id='word_1_147' title='bbox 556 2601 684 2668; x_wconf 76' lang='lat' dir='ltr'><strong>placuere</strong></span> <span class='ocrx_word' id='word_1_148' title='bbox 702 2602 795 2658; x_wconf 83' lang='lat' dir='ltr'><strong>Baiae.</strong></span> 
     </span>
     <span class='ocr_line' id='line_1_33' title="bbox 279 2675 992 2745; baseline 0.003 -15"><span class='ocrx_word' id='word_1_149' title='bbox 279 2676 388 2731; x_wconf 83' lang='lat' dir='ltr'><strong>Vestris</strong></span> <span class='ocrx_word' id='word_1_150' title='bbox 404 2677 522 2731; x_wconf 87' lang='lat' dir='ltr'><strong>amioum</strong></span> <span class='ocrx_word' id='word_1_151' title='bbox 538 2675 659 2730; x_wconf 86' lang='lat' dir='ltr'><strong>fontibus</strong></span> <span class='ocrx_word' id='word_1_152' title='bbox 677 2681 706 2732; x_wconf 90' lang='lat' dir='ltr'><strong>et</strong></span> <span class='ocrx_word' id='word_1_153' title='bbox 723 2678 811 2732; x_wconf 88' lang='lat' dir='ltr'><strong>choris</strong></span> <span class='ocrx_word' id='word_1_154' title='bbox 969 2706 992 2745; x_wconf 66' lang='lat'><strong>25</strong></span> 
     </span>
     <span class='ocr_line' id='line_1_34' title="bbox 279 2751 841 2824; baseline 0.004 -18"><span class='ocrx_word' id='word_1_155' title='bbox 279 2751 343 2806; x_wconf 82' lang='lat' dir='ltr'><strong>Non</strong></span> <span class='ocrx_word' id='word_1_156' title='bbox 360 2768 405 2807; x_wconf 90' lang='lat' dir='ltr'><strong>me</strong></span> <span class='ocrx_word' id='word_1_157' title='bbox 423 2752 556 2820; x_wconf 88' lang='lat' dir='ltr'><strong>Philippis</strong></span> <span class='ocrx_word' id='word_1_158' title='bbox 573 2767 653 2805; x_wconf 80' lang='lat' dir='ltr'><strong>versa</strong></span> <span class='ocrx_word' id='word_1_159' title='bbox 669 2752 741 2807; x_wconf 84' lang='lat' dir='ltr'><strong>acies</strong></span> <span class='ocrx_word' id='word_1_160' title='bbox 758 2757 841 2824; x_wconf 89' lang='lat' dir='ltr'><strong>retro,</strong></span> 
     </span>
    </p>
   </div>
   <div class='ocr_carea' id='block_1_7' title="bbox 314 2826 779 2957">
    <p class='ocr_par' dir='ltr' id='par_1_7' title="bbox 314 2826 779 2957">
     <span class='ocr_line' id='line_1_35' title="bbox 314 2826 749 2895; baseline 0.002 -13"><span class='ocrx_word' id='word_1_161' title='bbox 314 2827 422 2882; x_wconf 89' lang='lat' dir='ltr'><strong>Devota</strong></span> <span class='ocrx_word' id='word_1_162' title='bbox 439 2838 493 2881; x_wconf 87' lang='lat' dir='ltr'><strong>non</strong></span> <span class='ocrx_word' id='word_1_163' title='bbox 511 2826 644 2882; x_wconf 78' lang='lat' dir='ltr'><strong>exstinxit</strong></span> <span class='ocrx_word' id='word_1_164' title='bbox 661 2827 749 2895; x_wconf 89' lang='lat' dir='ltr'><strong>arbos,</strong></span> 
     </span>
     <span class='ocr_line' id='line_1_36' title="bbox 349 2901 779 2957; baseline 0.005 -2"><span class='ocrx_word' id='word_1_165' title='bbox 349 2901 409 2957; x_wconf 86' lang='lat' dir='ltr'><strong>Neo</strong></span> <span class='ocrx_word' id='word_1_166' title='bbox 427 2902 517 2957; x_wconf 80' lang='lat' dir='ltr'><strong>Sicula</strong></span> <span class='ocrx_word' id='word_1_167' title='bbox 536 2902 680 2957; x_wconf 91' lang='lat' dir='ltr'><strong>Palinurus</strong></span> <span class='ocrx_word' id='word_1_168' title='bbox 697 2903 779 2957; x_wconf 83' lang='lat' dir='ltr'><strong>unda</strong></span> 
     </span>
    </p>
   </div>
   <div class='ocr_carea' id='block_1_8' title="bbox 279 2976 824 3271">
    <p class='ocr_par' dir='ltr' id='par_1_8' title="bbox 279 2976 824 3271">
     <span class='ocr_line' id='line_1_37' title="bbox 279 2976 824 3047; baseline 0.004 -15"><span class='ocrx_word' id='word_1_169' title='bbox 279 2976 427 3047; x_wconf 79' lang='lat' dir='ltr'><strong>Utcunque</strong></span> <span class='ocrx_word' id='word_1_170' title='bbox 443 2994 550 3032; x_wconf 76' lang='lat' dir='ltr'><strong>meeum</strong></span> <span class='ocrx_word' id='word_1_171' title='bbox 567 2993 616 3031; x_wconf 88' lang='lat' dir='ltr'><strong>vos</strong></span> <span class='ocrx_word' id='word_1_172' title='bbox 634 2979 718 3046; x_wconf 83' lang='lat' dir='ltr'><strong>eritis,</strong></span> <span class='ocrx_word' id='word_1_173' title='bbox 735 2979 824 3034; x_wconf 88' lang='lat' dir='ltr'><strong>libens</strong></span> 
     </span>
     <span class='ocr_line' id='line_1_38' title="bbox 279 3052 744 3121; baseline 0.002 -15"><span class='ocrx_word' id='word_1_174' title='bbox 279 3052 464 3108; x_wconf 90' lang='lat' dir='ltr'><strong>Insanientem</strong></span> <span class='ocrx_word' id='word_1_175' title='bbox 481 3053 574 3106; x_wconf 83' lang='lat' dir='ltr'><strong>navita</strong></span> <span class='ocrx_word' id='word_1_176' title='bbox 592 3053 744 3121; x_wconf 87' lang='lat' dir='ltr'><strong>Bosporum</strong></span> 
     </span>
     <span class='ocr_line' id='line_1_39' title="bbox 315 3126 730 3183; baseline 0.002 -1"><span class='ocrx_word' id='word_1_177' title='bbox 315 3126 438 3182; x_wconf 81' lang='lat' dir='ltr'><strong>&#39;lentabo</strong></span> <span class='ocrx_word' id='word_1_178' title='bbox 456 3130 486 3182; x_wconf 87' lang='lat' dir='ltr'><strong>et</strong></span> <span class='ocrx_word' id='word_1_179' title='bbox 502 3130 616 3181; x_wconf 89' lang='lat' dir='ltr'><strong>urentes</strong></span> <span class='ocrx_word' id='word_1_180' title='bbox 633 3144 730 3183; x_wconf 88' lang='lat' dir='ltr'><strong>arenas</strong></span> 
     </span>
     <span class='ocr_line' id='line_1_40' title="bbox 348 3201 711 3271; baseline 0 -14"><span class='ocrx_word' id='word_1_181' title='bbox 348 3202 464 3258; x_wconf 87' lang='lat' dir='ltr'><strong>Litteris</strong></span> <span class='ocrx_word' id='word_1_182' title='bbox 483 3202 591 3271; x_wconf 79' lang='lat' dir='ltr'><strong>Assyrii</strong></span> <span class='ocrx_word' id='word_1_183' title='bbox 608 3201 711 3269; x_wconf 86' lang='lat' dir='ltr'><strong>viator;</strong></span> 
     </span>
    </p>
   </div>
   <div class='ocr_carea' id='block_1_9' title="bbox 0 0 1144 3550">
    <p class='ocr_par' dir='ltr' id='par_1_9' title="bbox 0 0 1144 3550">
     <span class='ocr_line' id='line_1_41' title="bbox 0 0 1144 3550; baseline 0 0"><span class='ocrx_word' id='word_1_184' title='bbox 0 0 1144 3550; x_wconf 95' lang='lat' dir='ltr'><strong> </strong></span> 
     </span>
    </p>
   </div>
  </div>
 </body>
</html>
