2275 3550
114 180 145 228 112
387 176 542 226 HORATII
559 175 690 224 FLACCI

250 257 356 325 Claros,
372 272 427 309 non
444 254 565 308 animum
582 256 667 319 metu,

285 332 312 385 N
313 348 348 385 on
364 330 460 385 mortis
477 328 583 398 laqueis
600 328 732 398 expedies
749 331 839 396 caput
918 340 923 349 ‘

252 406 427 475 Campestres
444 406 541 459 melius
559 404 676 473 Scythae

285 481 407 546 Quorum
415 482 538 550 plaustra
547 495 631 548 vagas
639 479 693 534 rite
702 480 817 535 trahunt
826 479 921 536 domos
945 498 968 538 so

254 557 368 625 Vivunt,
386 559 416 611 et
433 556 516 625 rigidi
535 556 623 610 Getae

288 632 437 686 Immetata
454 631 580 701 quibus'
566 647 669 700 Jugera
685 631 787 687 liberas

253 706 359 775 Fruges
377 711 407 761 et
425 708 555 762 Cererem
573 708 674 774 ferunt,

239 803 243 810 ·
288 782 315 836 N
317 799 349 836 ec
365 783 473 837 cultura
490 783 583 852 placet
599 749 705 851 longior
721 766 818 854 annua,

253 856 475 927 Defunctumque
492 858 632 912 laboribus
950 875 971 913 ιε
1053 925 1065 935 κ

288 934 407 1003 Aequnli
425 936 532 988 recreat
548 937 624 995 sorte
640 934 763 991 vicarius

254 1008 316 1064 lllic
333 1012 423 1064 matre
441 1009 598 1064 carentibus

287 1085 449 1155 Privignis
440 1084 539 1138 mulier
556 1085 720 1155 temperat
712 1103 849 1159 mnocens,

253 1161 281 1217 N
283 1178 314 1215 ec
332 1155 428 1215 dotata
445 1161 518 1229 regit
534 1160 624 1214 virum

289 1237 397 1306 Coirjux
414 1253 465 1291 nac
481 1235 571 1291 nitido
588 1236 652 1292 fidit
668 1236 802 1294 adultero.
949 1258 973 1296 ao

253 1312 312 1368 Dos
329 1317 373 1367 est
389 1329 488 1381 magna
506 1313 663 1382 parentium

292 1388 390 1442 Virtus
408 1392 437 1442 et
454 1392 582 1441 metuens
599 1388 713 1442 alterius
730 1389 782 1443 viri

255 1463 341 1520 Certo
357 1462 470 1516 foedere
487 1463 615 1528 castitas3

289 1539 327 1592 Et
343 1554 458 1606 peccare
474 1537 552 1590 nefas
569 1540 619 1591 aut
635 1537 757 1606 pretium
774 1542 818 1594 est
834 1538 911 1596 mori.

225 1598 231 1625 ¹
254 1614 279 1669 0
298 1612 422 1683 quisquis
439 1612 513 1666 volet
529 1613 629 1680 impias
949 1634 973 1672 25

289 1688 395 1744 Caedes
412 1690 443 1743 et
458 1688 564 1742 rabiem
582 1688 681 1743 tollere
698 1689 818 1759 civicam,

255 1765 286 1823 si
305 1768 421 1835 quaeret
439 1764 537 1819 Panna
555 1779 668 1820 naninu

288 1840 429 1898 Subscribi
448 1841 554 1910 statuis,
572 1840 736 1897 indomitam
754 1845 859 1898 audeat

254 1919 407 1975 Refrenare
424 1917 571 1986 licentiam,

289 1994 386 2049 Clarus
403 1994 585 2065 postgenitis;
602 1998 746 2063 quatenns,
764 1995 820 2048 heu
836 1993 928 2050 nefas!
949 2010 974 2050 aa

258 2070 400 2125 Virtutem
418 2070 583 2123 incolumem
602 2070 717 2138 odimus,

288 2145 430 2199 Sublatam
449 2161 484 2198 ex
504 2145 589 2198 oculis
609 2146 766 2213 quaerimus
784 2144 878 2201 invidi.

258 2219 332 2284 Quid
350 2221 446 2273 tristes
466 2220 653 2287 querimoniae

289 2294 319 2348 si
336 2309 391 2346 non
409 2291 543 2361 supplicio
562 2293 642 2361 culpa
661 2293 814 2348 reciditurl

255 2368 329 2434 Quid
346 2368 421 2435 leges
440 2367 499 2421 sine
523 2367 646 2421 moribus
948 2386 974 2428 8⁵

290 2443 387 2497 Vanae
403 2442 556 2511 proficiunt,
575 2442 599 2496 si
616 2460 707 2513 neque
724 2444 838 2500 fervidis

259 2519 329 2575 Pars
346 2518 449 2572 inclusa
466 2518 601 2572 caloribus

289 2593 388 2648 Mundi
403 2610 455 2647 nec
473 2593 579 2652 Boreae
596 2593 742 2649 finitimum
758 2594 831 2649 latus

255 2672 433 2739 Durataeque
450 2669 507 2723 solo
524 2668 601 2723 nives

290 2746 472 2800 Mercatorem
489 2744 611 2813 abigunt,
628 2746 741 2801 horrida
757 2746 849 2803 callidi
949 2765 973 2805 11

258 2820 382 2877 Vincunt
399 2837 518 2890 aequora
533 2821 651 2891 navitae,

290 2897 421 2965 Magnum
438 2896 582 2967 pauperies
600 2897 774 2967 opprobrium
786 2896 871 2968 jubet

256 2972 371 3039 Quidvis
389 2976 418 3027 ct
435 2973 524 3027 facere
542 2976 572 3026 et
589 2974 655 3042 pati,
846 2987 850 2992 ·

290 3048 467 3117 virtutisque
484 3048 556 3101 viam
574 3048 677 3103 desani
694 3049 817 3105 arduaei

255 3122 309 3180 Vel
327 3141 377 3178 nos
392 3125 422 3182 in
440 3122 604 3192 Capitolium
945 3135 971 3177 15

291 3199 351 3265 Quo
368 3199 470 3254 clamor
486 3201 566 3255 vocat
583 3202 613 3254 11
629 3199 713 3255 turba
728 3197 886 3268 faventium,
