2275 3550
143 169 191 220 lca
412 169 567 220 HORATII
583 166 715 219 FLAGOI

140 247 217 303 Fecit
234 264 295 302 cum
313 249 410 304 stravit
426 249 499 303 ferro
516 250 621 317 pecus?
657 247 803 304 Abstinuit
818 249 876 306 vim

139 324 232 377 Uxore
249 328 278 378 et
294 328 393 392 gnat03
411 323 482 377 mala
499 324 588 377 multa
604 326 734 392 precatus
752 323 870 392 Atridis,

138 398 165 451 N
167 415 201 452 on
218 399 264 453 ille
281 403 330 453 aut
347 400 480 452 Teucrum
498 402 547 453 aut
563 400 653 467 ipsum
671 398 783 452 violavit
800 400 917 457 Ulixen’

139 474 258 528 ‘Verum
276 490 334 542 ego,
349 478 382 528 ut
398 474 544 528 haerentes
561 474 676 527 adverso
693 473 788 528 littere
805 491 890 531 naves
960 493 1003 535 ces

138 549 288 618 Eriperem,
305 549 427 618 prudens
444 549 549 618 placavi
566 549 698 617 sanguine
715 548 808 604 divos?

138 623 259 692 ‘Nempe
276 628 332 692 tuo,
349 624 465 678 furiose?
502 624 590 689 ‘Mea
609 624 659 677 sed
676 640 731 677 non
748 624 881 683 furiosus’

139 698 191 763 Qui
209 700 312 767 species
329 700 395 753 alias
412 698 485 753 veris
502 699 668 767 scelerisque
685 700 809 754 tumultu

138 773 291 828 Permixtas
308 775 398 843 capiet
414 778 566 829 commotus
583 774 738 840 habebitur,
757 779 840 844 atque
1112 840 1113 843 Ἰ

138 848 296 903 Stultitiane
314 853 390 926 erret
406 850 520 902 nibilum
538 842 655 903 distabit
671 866 708 903 an
724 850 773 904 ira
958 869 997 909 210
1113 853 1115 977 y

138 923 213 992 Ajax
229 927 380 979 immeritos
397 942 459 979 cum
476 925 577 979 occidit
595 925 697 994 desipit
714 942 814 993 agnos:

139 999 207 1054 Cum
224 1001 346 1069 prudens
363 1001 450 1055 scelus
468 1000 504 1054 ob
521 1000 618 1054 titulos
638 1001 762 1055 admittis
782 1002 886 1071 inanes,

138 1074 201 1128 Stas
210 1077 300 1130 animo
310 1080 444 1145 etpruum
453 1079 496 1129 est
505 1076 573 1130 vitio
582 1076 642 1145 tibi,
651 1093 713 1130 cum
722 1077 860 1131 tumidum
869 1082 921 1147 est,
930 1084 994 1137 ceri

138 1150 167 1204 Si
185 1152 246 1220 quis
262 1152 359 1206 lectica
376 1152 492 1205 nitidam
509 1156 620 1219 gestare
636 1156 711 1206 amet
728 1168 834 1220 agnam

138 1225 212 1280 Huic
228 1232 340 1295 vestem,
352 1231 384 1281 ut
400 1231 489 1296 natae,
505 1231 586 1296 paret
603 1227 721 1294 ancillas,
734 1231 816 1296 paret
833 1244 938 1298 aurum,
955 1246 993 1286 215

138 1300 240 1356 Rufum
255 1306 304 1357 aut
322 1303 452 1357 Pusillam
469 1303 590 1371 appellet
607 1303 728 1370 fortique
745 1304 845 1357 marito

137 1376 266 1432 Destinet
283 1394 412 1444 uxorem3
430 1378 578 1432 interdicte
595 1378 658 1432 huic
676 1394 756 1431 omne
773 1379 878 1432 adimat
890 1378 938 1448 jus

138 1451 253 1505 Praeter
270 1456 300 1506 et
316 1453 352 1505 ad
370 1469 450 1506 sanos
466 1452 549 1506 abeat
565 1454 655 1507 tutela
671 1454 844 1523 propinques
1115 1465 1117 1559 p

138 1527 228 1590 Quini
246 1528 270 1580 si
287 1528 348 1596 quis
365 1531 457 1580 natam
474 1544 525 1595 pro
542 1532 620 1582 muta
637 1528 754 1583 devovet
771 1546 843 1597 agna
1037 1558 1045 1569 =

33 1632 42 1643 ι
137 1601 249 1670 Integer
266 1606 310 1656 est
327 1603 429 1657 animil
464 1603 491 1656 N
493 1620 509 1657 e
527 1603 638 1659 dixeris.
673 1605 747 1673 Ergo
764 1606 813 1659 ubi
829 1623 914 1675 prava
953 1624 991 1662 sao

137 1677 260 1732 Stultitia
276 1678 321 1732 hic
338 1694 443 1732 summa
461 1682 504 1732 est
521 1680 640 1744 insania3
658 1680 705 1748 qui
723 1679 877 1748 sceleratus,

137 1753 174 1808 Et
191 1753 307 1809 furiosus
326 1755 393 1821 erit;
411 1773 492 1825 quem
510 1756 585 1825 cepit
603 1755 693 1810 vitrea
709 1755 789 1825 fama,
859 1747 865 1757 ’

137 1830 220 1885 Hunc
236 1831 429 1886 circumtonuit
444 1832 567 1900 gaudens
586 1832 699 1886 Bellona
716 1833 853 1904 cruentis,

136 1906 217 1960 Nrmc
233 1923 284 1975 ago
300 1907 435 1960 luxuriam
454 1910 483 1960 et
501 1908 704 1961 Nomentanum
721 1909 812 1977 arripe
830 1924 952 1963 mecum:
1014 1959 1022 1967 .

137 1980 238 2035 Vincet
256 1982 329 2036 enim
348 1983 447 2036 stultos
464 1984 534 2037 ratio
552 1982 669 2036 insanire
686 1987 808 2050 nepotes
953 1996 991 2036 aas

137 2056 193 2128 Hic
211 2057 290 2109 simul
307 2057 412 2125 aceepit
429 2056 577 2124 patrimoni
593 2056 668 2108 mille
685 2056 798 2124 talenta,

135 2131 230 2184 Edicit
246 2132 365 2199 piscator
382 2133 430 2193 uti,
448 2131 594 2199 pomarius,
612 2146 721 2198 auceps,

133 2201 341 2271 'Unguentarius
359 2222 391 2257 ac
409 2206 488 2257 'lusci
506 2205 589 2258 turba
607 2204 691 2272 impia
708 2204 766 2272 vici,

137 2279 207 2333 (lum
224 2278 324 2331 scurris
341 2278 435 2344 fartor,
453 2294 515 2330 cum
534 2276 655 2330 Velabro
673 2293 753 2330 omne
766 2281 918 2348 macellum,

135 2347 463 2416 Menedemumveniant.
482 2351 556 2415 Quid
563 2353 639 2404 tuml
659 2351 989 2420 Venerefrequentessae

136 2426 231 2480 Verba
247 2427 313 2480 facit
329 2427 406 2480 leno:
426 2425 567 2494 Quidquid
584 2425 658 2491 mihi,
677 2425 813 2493 quidquid
831 2428 978 2484 ethorum

136 2502 243 2571 Cuique
251 2502 325 2558 domi
337 2506 387 2570 est,
396 2502 426 2555 id
437 2502 521 2556 crede
532 2505 612 2556 tuum
624 2506 654 2554 et
663 2500 707 2553 vel
715 2518 787 2554 nunc
796 2504 861 2570 pete
868 2504 913 2558 vel
921 2522 992 2560 cras.

135 2579 239 2647 Accipe
255 2578 323 2646 quid
339 2583 434 2632 contra
446 2577 557 2645 juvenis
574 2576 749 2645 responderit
766 2594 883 2647 aequus:

134 2653 184 2706 ‘In
201 2653 263 2706 nive
280 2653 390 2707 Lucana
407 2653 510 2707 dormis
528 2656 654 2707 ocreatus
671 2655 704 2706 ut
720 2670 817 2722 aprum

136 2729 255 2783 Coenam
273 2745 338 2797 ego;
355 2732 387 2783 tu
404 2730 494 2797 pisces
511 2728 627 2782 hiberno
645 2745 680 2782 ex
697 2746 816 2798 aequore
833 2733 927 2786 verris.
952 2748 988 2788 raa

135 2804 232 2873 Segnis
249 2821 307 2873 ego,
319 2805 447 2873 indignus
464 2805 512 2874 qui
530 2808 640 2858 tantum
657 2806 828 2873 possideam:
846 2808 937 2862 aufer:

135 2880 219 2935 Sume
236 2881 289 2935 tibi
305 2881 412 2945 decies;
428 2880 480 2934 tibi
499 2880 685 2945 tantumdem
702 2880 754 2935 tibi
765 2881 869 2950 triplex

134 2946 218 3010 Unde
235 2973 305 3010 uxor
320 2956 412 3009 media
428 2955 515 3009 currit
533 2955 569 3008 de
587 2958 667 3009 nocte
684 2957 794 3009 vocata'

134 3029 222 3085 Filius
240 3032 344 3100 Aesopi
359 3032 511 3087 detractam
529 3047 565 3083 ex
582 3046 649 3082 aure
667 3030 804 3097 Metellae,

135 3104 245 3159 Scilicet
261 3110 295 3160 ut
312 3106 403 3161 decies
420 3106 538 3159 solidum
555 3104 723 3171 absorberet,
742 3111 820 3159 aceto
952 3124 987 3163 are

135 3176 224 3233 Diluit
240 3180 375 3249 insignem
392 3181 516 3236 baccam:
534 3179 582 3249 qui
600 3178 692 3233 sanior
708 3195 740 3233 ac
758 3181 782 3233 si
1036 3189 1040 3196 ’
