2275 3550
412 472 744 542 EPISTOLARUM

377 708 537 766 LIBER
571 708 784 802 PRIMUS.

566 948 589 1002 Ι.

142 1027 252 1081 Panse
269 1030 344 1085 dicte
359 1028 434 1098 mihi,
453 1046 559 1084 summa
577 1030 692 1085 dicende
710 1030 837 1098 Camena,

153 1102 314 1171 Spectatum
332 1106 398 1159 satis
415 1109 446 1159 et
463 1105 596 1159 donatum
609 1106 669 1174 jam
686 1105 756 1159 rude
774 1103 890 1173 quaeris,

153 1178 306 1247 Maecenas,
323 1180 424 1234 iterum
442 1182 555 1249 antiquo
573 1198 618 1234 me
635 1181 774 1234 includere
791 1180 864 1233 ludo.

153 1253 218 1307 Non
235 1255 332 1308 eadem
349 1258 393 1309 est
409 1259 493 1324 aetas,
510 1272 565 1308 non
582 1272 666 1309 mens·
701 1254 832 1308 Veianius
849 1254 932 1307 armis

154 1328 283 1383 Herculis
301 1329 337 1383 ad
353 1333 460 1398 postem
478 1331 540 1383 fixis
557 1330 627 1385 latet
644 1330 756 1384 abditus
773 1346 845 1398 agro,
991 1344 1004 1384 s

153 1403 181 1456 N
182 1421 198 1458 e
214 1405 345 1474 populum
363 1409 487 1459 extrema
503 1406 588 1459 toties
605 1409 702 1459 exoret
719 1422 809 1459 arena.
843 1462 847 1469 ,

153 1479 206 1534 Est
222 1480 289 1533 mihi
306 1484 451 1549 purgatam
468 1479 564 1534 crebro
583 1482 631 1549 qui
648 1484 777 1549 personet
794 1496 901 1535 aurem:

153 1554 233 1608 Solve
249 1559 437 1610 senescentem
454 1560 562 1610 mature
580 1573 661 1610 sanus
678 1572 786 1624 equum,
803 1573 838 1609 ne

38 1673 41 1678 ⁴
153 1629 253 1684 Peceet
269 1630 306 1684 ad
323 1635 476 1685 extremum
494 1631 626 1684 ridendus
644 1634 674 1700 et
689 1631 737 1683 ilia
754 1629 844 1688 ducat.

152 1704 179 1757 N
181 1722 232 1759 unc
249 1706 343 1776 itaque
360 1710 390 1760 et
408 1724 502 1761 versus
519 1710 549 1760 et
564 1710 658 1760 cetera
674 1705 780 1759 ludicra
796 1715 874 1774 pono,
979 1720 1001 1759 lo

153 1780 1000 1864 Quidverumatquedecenscuroetrogoetomnisinhocsmu,

153 1856 248 1911 Gondo
266 1863 295 1911 et
312 1874 444 1927 compono
461 1875 532 1926 quae
550 1875 615 1912 mox
633 1859 794 1926 depromere
810 1848 937 1925 possim.

152 1934 196 1985 Ac
213 1949 248 1986 ne
266 1933 338 1986 forte
355 1950 436 2001 roges
454 1950 508 2001 quo
525 1950 571 1986 me
589 1933 665 1998 duce,
684 1947 750 2001 quo
746 1932 813 1986 lare
830 1935 913 2000 tuter,

151 2007 262 2061 Nullius
279 2007 433 2062 addictus'
420 2025 517 2076 Jurare
533 2008 563 2061 in
580 2007 664 2061 verba
681 2006 806 2074 magistri

104 2125 108 2139 ,
152 2082 213 2146 Quo
229 2100 274 2137 me
292 2100 399 2152 cunque
416 2084 489 2152 rapit
506 2087 656 2152 tempestas
674 2083 784 2142 deferor
803 2080 908 2150 hospes.
980 2099 1001 2137 15

151 2156 178 2209 N
179 2173 233 2210 unc
248 2157 327 2224 agilis
345 2157 381 2210 fio
399 2161 429 2211 et
446 2174 551 2212 mersor
568 2157 692 2211 civilibus
709 2157 799 2226 undis,

151 2231 272 2286 Virtutis
289 2248 370 2286 verae
388 2236 479 2287 custos
495 2233 666 2301 rigidusque
672 2198 799 2296 satelles;9

151 2308 178 2361 N
179 2326 231 2364 unc
248 2309 277 2362 in
296 2309 434 2378 Aristippi
451 2309 555 2363 furtim
565 2312 713 2377 praecepta
729 2296 845 2377 relabor,

151 2383 189 2438 llt
205 2385 272 2437 mihi
290 2401 335 2438 res
352 2401 407 2438 non
422 2401 467 2438 me
484 2384 566 2438 rebus
587 2383 754 2452 subjungere
771 2401 862 2439 conor

150 2459 191 2513 Ut
207 2476 262 2514 uox
280 2460 362 2528 longa
378 2459 483 2528 quibus
495 2459 629 2513 mentitur
646 2460 740 2526 amica,
759 2459 873 2527 diesque
971 2464 1000 2516 'ao

150 2533 245 2603 Longa
259 2535 369 2590 videtur
387 2552 455 2604 opus
474 2534 646 2603 debentibus,
663 2537 696 2588 ut
713 2536 792 2603 piger
810 2552 896 2590 annus

150 2610 265 2677 Pupillis
282 2627 351 2680 quos
368 2610 439 2664 dura
453 2610 554 2678 premit
573 2610 698 2663 custodia
715 2613 849 2676 matrum;

149 2686 194 2741 Sic
212 2686 279 2745 mihi
296 2685 378 2740 tarda
394 2685 484 2739 fluunt
501 2686 664 2753 ingrataque
682 2689 813 2754 tempora,
834 2702 905 2753 quae
922 2703 998 2756 spem

150 2761 352 2831 Consiliumque
370 2764 512 2815 morantur
531 2760 631 2828 agendi
648 2762 755 2814 naviter
772 2760 803 2814 id
821 2760 896 2829 quod

149 2839 249 2907 Aeque
267 2836 433 2906 pauperibus
451 2836 573 2906 prodest,
593 2836 774 2905 locupletibus
793 2853 888 2906 acque,
974 2853 998 2890 15

148 2914 247 2982 Aeque
264 2913 420 2981 neglectum
438 2912 530 2981 pueris
550 2911 715 2980 senibusque
733 2911 848 2965 nocebit.

148 2987 248 3044 Restat
266 2992 298 3042 ut
317 2988 360 3041 his
378 3004 430 3055 ego
449 3004 494 3040 me
509 2988 568 3056 ipse
590 3003 684 3054 regam
703 2987 828 3055 solerque
847 2986 997 3040 elementis.

147 3063 174 3121 N
176 3079 211 3119 on
227 3063 314 3132 possis
331 3063 408 3117 oculo
427 3066 561 3131 quantum
580 3062 744 3115 contendere
764 3062 894 3131 Lynceus,

147 3136 210 3194 Non
228 3142 321 3193 tamen
339 3138 440 3192 idcirco
459 3141 618 3192 contemnas
635 3137 725 3206 lippus
742 3137 852 3204 inungi,

145 3214 205 3269 Nee
224 3214 289 3281 quia
307 3213 437 3283 desperes
455 3212 548 3267 invicti
567 3212 691 3266 membra
709 3212 842 3280 Glyconis,
972 3228 997 3268 sc
