2275 3550
436 191 641 241 OARMINUM
658 191 695 239 11.
714 195 736 240 8,

298 274 355 328 Sed
371 290 416 327 me
433 289 484 342 per
500 273 594 326 hostes
613 272 765 326 Mercurius
783 273 854 324 ccler

298 348 390 403 Denso
408 351 554 417 paventem
573 347 685 401 sustulit
702 352 782 411 aire3

331 424 370 477 Te
386 440 481 477 rursus
498 424 526 476 in
543 422 646 476 bellum
663 422 806 476 resorbens

365 499 449 554 Unda
465 499 544 552 fretis
560 499 626 552 tulit
643 497 783 552 aestuosis.

296 575 371 643 Ergo
388 574 535 642 obligatam
552 573 640 628 redde
657 573 721 626 Jovi
739 572 839 640 dapem

297 650 446 719 Longaque
462 651 564 703 fessum
582 649 680 702 militia
697 647 770 701 latus

330 726 445 794 Depone
463 725 514 780 sub
531 724 611 778 lauru
628 740 690 777 mea
707 739 759 776 nec

365 801 450 854 Parce
468 801 542 854 cadis
558 799 611 853 tibi
630 798 780 853 destinatis

296 875 432 931 Oblivioso
450 876 520 931 levia
537 876 655 934 Massico

295 952 405 1007 (liborio
422 951 519 1019 exple;
537 951 623 1004 funde
642 949 786 1021 capacibus

328 1027 476 1095 Unguenta
490 1028 529 1081 'de
547 1025 661 1082 conchis
698 1026 764 1090 Quis
782 1025 837 1078 udo

363 1103 553 1171 Deproperare
571 1104 633 1170 apio
651 1117 765 1155 coronas

294 1178 414 1233 (luratve
431 1180 539 1246 myrtei
558 1195 641 1246 quem
659 1177 753 1229 Venus
767 1175 906 1228 ‘arbitrum

295 1251 376 1306 Dicet
394 1252 525 1306 bibendil
561 1252 625 1305 Non
643 1268 693 1318 ego
711 1250 803 1304 sanius

329 1326 486 1381 Bacchabor
504 1327 622 1381 Edonis:
640 1329 752 1394 recepto

362 1402 449 1458 Dulce
465 1402 534 1456 mihi
550 1403 642 1456 furere
660 1405 703 1455 est
720 1400 814 1457 amico

293 1631 374 1686 Urna
392 1630 414 1685 si
428 1631 500 1699 juris
517 1631 570 1686 tibi
587 1631 703 1701 pejerati

294 1707 392 1776 Poena,
410 1707 520 1778 Barine,
536 1709 674 1761 nocuisset
691 1723 820 1777 unquam,

293 1782 384 1837 Dente
402 1783 425 1835 si
442 1784 520 1851 nigro
538 1785 619 1837 fieres
636 1784 680 1837 vel
697 1800 752 1836 uno
845 1821 847 1827 .

327 1858 442 1925 Turpior
459 1859 550 1925 ungui,
742 1895 745 1899 ι

288 1932 449 1987 Crederem.
485 1933 542 1985 Sed
558 1936 592 1987 tu
610 1932 689 1987 simul
707 1931 834 1999 obligasti

294 2006 435 2061 Perfidum
451 2007 523 2062 votis
539 2011 622 2076 caput
640 2006 766 2059 enitescis

293 2080 435 2135 Pulchrior
451 2082 545 2150 multo,
558 2081 746 2150 juvenumque
763 2080 858 2149 prodis

328 2156 440 2211 Publica
457 2174 529 2211 cura.

293 2231 414 2301 Expedit
430 2233 526 2287 matris
543 2233 649 2287 cineres
666 2235 775 2302 opertos

293 2307 400 2361 Fallere
416 2312 445 2362 et
464 2311 524 2362 toto
540 2309 677 2362 taciturna
693 2308 782 2362 noctis

292 2382 375 2451 Signa
392 2399 454 2437 cmn
471 2385 545 2438 caelo
562 2384 708 2453 gelidaque
725 2384 802 2439 divos

325 2460 417 2513 Morte
434 2464 565 2514 carentes

292 2533 377 2588 Ridet
393 2534 445 2589 hoc
462 2535 574 2605 inquam
592 2535 688 2590 Venus
705 2536 771 2605 ipsa,
788 2536 880 2592 rident

292 2609 433 2679 Simplices
452 2612 602 2680 Nymphae,
618 2612 695 2666 ferus
712 2615 742 2666 et
760 2613 866 2680 Cupido

292 2684 406 2756 Semper
423 2686 553 2741 ardentes
570 2699 670 2742 acuens
687 2688 801 2756 sagittas
875 2697 877 2701 ⁴

326 2762 394 2816 (lete
411 2770 531 2818 cruenta.
613 2798 615 2802 -

294 2836 376 2891 Adde
393 2838 467 2907 qnod
485 2839 572 2907 pubes
589 2839 641 2894 tibi
659 2842 756 2894 crescit
773 2841 864 2907 omnis

292 2911 415 2967 Servitus
432 2915 530 2968 crescit
547 2932 624 2983 nova,
641 2932 692 2969 neo
708 2917 813 2985 priores

293 2987 398 3056 Impiae
414 2992 519 3043 tectum
537 2991 662 3045 dominae
679 2992 837 3059 relinquunt

271 3125 275 3129 Δ
326 3063 413 3132 Saepe
430 3066 533 3119 minati.

292 3136 331 3191 'l’e
348 3141 403 3193 suis
421 3145 523 3194 matres
540 3146 667 3196 metuunt
680 3141 812 3209 juvencis,

293 3210 331 3266 'le
348 3228 427 3268 senes
443 3216 518 3284 parci
529 3217 705 3285 ‘miseraeque
722 3232 808 3285 nuper

987 3100 1009 3136 20
