2275 3550
121 147 166 197 124
402 143 558 193 HORATII
575 142 706 192 FLAOOI

118 222 232 277 Persius
248 221 293 276 hic
309 238 459 290 permagna
475 222 587 291 negotia
604 221 682 277 dives
699 221 822 278 habebat

119 295 295 365 Clazomenis,
314 296 398 351 etiam
415 297 480 351 lites
498 313 560 352 cum
580 297 657 364 Rege
674 296 811 362 molestas,
960 317 973 357 5

45 404 49 411 ·
119 373 214 425 Durus
231 372 312 425 bomo
330 375 414 439 atque
433 371 495 425 odio
515 372 563 440 qui
581 376 675 440 posset
692 373 801 425 uincere
819 372 933 441 Regem,

120 448 268 502 Confidens
285 447 470 516 tumidusque,
489 447 560 502 adeo
578 448 710 501 sermonis
727 447 814 500 amari

120 521 249 576 Sisennas
268 523 369 577 Barros
387 529 419 577 ut
437 524 515 591 equis
533 527 723 593 praecurreret
741 523 818 578 albis.

121 598 169 651 Ad
189 599 294 666 Regem
312 598 405 652 redeo.
441 599 592 668 Postquam
608 599 677 652 nihil
694 598 768 657 inter
784 602 933 666 utrumque

121 674 262 742 Convenit,
280 673 339 741 (hoc
359 674 461 728 etenim
479 679 544 728 sunt
565 691 659 727 omnes
672 673 738 742 jure
755 674 864 727 molesti
953 689 977 729 ro

121 750 181 814 Quo
198 750 284 803 fortes
302 750 401 817 quibus
419 750 564 804 adversum
583 749 686 803 bellum
703 748 814 814 incidit;
833 749 907 802 inter

121 825 244 878 Hectora
262 825 420 879 Priamiden
438 826 588 880 animosum
607 829 691 893 atquo
708 826 783 879 iuter
802 825 939 878 Achillem

122 900 169 953 Ira
184 901 237 954 fuit
256 900 380 969 capitalis
397 905 429 956 ut
446 901 544 955 ultima
561 901 700 955 divideret
714 917 796 967 mors,

121 975 147 1028 N
150 993 184 1029 on
201 975 283 1030 aliam
302 977 337 1030 ob
354 994 462 1032 causam
480 978 533 1030 nisi
551 977 626 1045 quod
639 978 727 1031 virtus
744 977 772 1030 in
789 979 906 1044 utroque

121 1051 233 1106 Summa
251 1052 318 1106 fuit:
336 1051 391 1106 duo
410 1053 433 1107 si
451 1053 589 1107 discordia
605 1057 688 1107 vexet
705 1052 814 1117 inertes,
953 1065 977 1104 ιε

122 1129 182 1182 Aut
197 1127 220 1184 si
237 1127 392 1196 disparibus
413 1128 521 1191 bellum,
534 1128 644 1195 ineidat,
663 1131 695 1181 ut
715 1125 843 1180 Diomedi

122 1202 191 1256 Cum
209 1204 291 1272 Lycio
311 1204 420 1270 Glauco,
439 1204 565 1259 discedat
583 1204 687 1272 pigrior
703 1203 777 1256 ultro

121 1278 283 1332 Muneribus
299 1280 412 1346 missis:)
432 1280 520 1334 Bruto
539 1288 667 1349 praetore
686 1282 799 1333 tenente

121 1353 215 1407 Ditem
234 1354 331 1408 Asiam
349 1356 442 1424 Rupili
461 1360 491 1409 et
512 1355 591 1409 Persi
609 1372 660 1424 par
678 1357 790 1423 pugnat,
808 1352 850 1406 uti
867 1368 922 1405 non

121 1428 309 1497 compositum
327 1430 425 1484 melius
444 1448 506 1484 cum
525 1431 610 1485 Bitho
628 1431 767 1505 Bacchius.
803 1430 837 1483 Iu
849 1427 897 1496 jus
951 1443 975 1481 ao

122 1505 210 1557 Aeres
230 1509 400 1573 procurrunt,
417 1523 545 1574 magnum
565 1507 751 1575 spectaculum
770 1508 896 1572 uterque.

90 1644 93 1647 Ι
122 1579 232 1632 Persius
251 1581 363 1647 exponit
381 1598 505 1646 oausam;
524 1582 633 1635 ridetur
651 1581 686 1635 ab
702 1580 775 1634 omni

122 1655 279 1719 Conventu3
296 1655 392 1710 laudat
404 1657 523 1711 Brutum
536 1658 687 1726 laudatque
699 1657 852 1710 cohortem:

122 1730 213 1786 Solem
232 1731 316 1786 Asiae
335 1732 452 1787 Brutum
471 1734 601 1802 appellat,
621 1733 769 1802 stellasque
784 1730 906 1784 salubres

122 1809 255 1877 Appellat
273 1809 387 1862 comites
403 1817 518 1878 excepto
538 1811 630 1878 Rege;
649 1826 744 1863 canem
764 1807 842 1861 illum
951 1820 976 1859 ιε

122 1883 244 1938 Invisum
264 1885 389 1953 agricolis
410 1886 487 1948 sidus
506 1886 620 1941 venisse.
655 1884 766 1938 Ruebat

122 1959 239 2014 Flumen
254 1965 287 2015 ut
304 1962 451 2015 hibernum
466 1963 555 2016 fertur
573 1978 627 2030 qno
646 1977 709 2014 raia
724 1959 833 2014 securis.

122 2035 191 2089 'lum
210 2036 405 2091 Praenestinus
421 2038 492 2091 salso
510 2038 653 2105 multoque
673 2035 770 2089 fluenti
855 2064 860 2074 ·

114 2111 258 2179 ‚Expressa
274 2111 387 2166 arbusto
405 2114 509 2179 regerit
525 2113 653 2177 conuicia,
672 2110 758 2163 durus

122 2185 313 2239 vindemiator
330 2191 360 2239 et
378 2186 502 2251 invictus,
522 2187 565 2240 cui
585 2203 667 2252 saepe
684 2187 771 2238 viator
953 2198 978 2239 to

123 2260 257 2315 Oessisset
274 2277 373 2325 magna
393 2261 557 2328 compellans
575 2277 641 2313 voce
660 2260 803 2312 cucullum.

122 2338 163 2389 At
181 2335 308 2399 Graecus,
326 2337 473 2402 postquam
491 2339 535 2388 est
554 2335 626 2387 Italo
643 2333 770 2401 perfusus
787 2333 871 2395 aceto,

123 2411 233 2463 Persius
252 2410 403 2464 exclamat:
422 2409 477 2462 Per
494 2425 614 2477 magnos,
634 2410 729 2473 Brute,
748 2408 814 2460 deos
831 2410 861 2460 te

123 2485 179 2538 Oro
197 2485 244 2552 qui
261 2501 341 2552 reges
359 2485 496 2539 consueris
513 2485 619 2551 tollere,
637 2500 686 2537 our
702 2500 756 2536 non
953 2498 976 2537 ss

123 2561 205 2615 Hunc
213 2561 318 2628 Regem
321 2560 444 2629 jugulasl
455 2560 640 2630 Operumboc,
647 2557 920 2627 mihicrede‚tuorum
926 2561 976 2611 est.

123 2785 200 2841 Oauu
218 2789 331 2842 trrmcus
348 2802 424 2840 eram
442 2786 564 2855 ficulnus,
581 2786 680 2842 inutile
697 2785 810 2853 liguum,
863 2619 940 2856 Q(

123 2863 194 2917 Cum
210 2863 295 2931 faber,
313 2864 435 2917 incertus
453 2880 591 2917 scamnum
610 2865 748 2918 faceretne
767 2859 906 2927 Priapum,

123 2939 223 2993 Maluit
240 2956 301 2993 esse
317 2940 408 2994 deum.
443 2940 518 2993 Deus
535 2940 600 2993 inde
618 2956 669 3006 ego
685 2939 777 2991 furum
796 2936 941 3001 aviumque
1008 2942 1045 2964 Γ

123 3014 245 3069 Maxima
262 3016 393 3080 formido;
416 3032 480 3068 nam
497 3016 574 3069 fures
592 3015 691 3067 dextra
708 3014 816 3066 coercet

124 3089 320 3159 Obscoenoque
336 3091 421 3144 ruber
435 3096 579 3160 porrectus
597 3091 632 3143 ab
650 3090 760 3158 inguine
776 3086 854 3155 palus
863 3104 872 3148 ;
960 3104 973 3144 t

124 3166 179 3219 Ast
196 3166 365 3235 importunas
382 3167 505 3221 volucres
522 3166 550 3219 in
569 3164 672 3219 vertice
690 3160 794 3217 arundo
