2275 3550
443 211 659 261 SATIRARUM
676 213 714 261 ΙΙ
734 214 757 263 5.
977 211 1023 264 141

172 288 281 343 Primus
300 292 329 344 et
346 290 470 343 invenior
487 291 566 358 piper
584 290 677 344 album
693 307 756 344 cum
774 290 830 344 sale
846 289 924 359 nigro

172 364 312 418 Incretum
330 358 406 433 puris
423 365 647 434 circumposuisse
664 370 708 420 cat
696 366 770 420 111111.
999 380 1024 421 rs

172 438 297 493 Immane
315 443 358 494 est
374 441 471 494 vitium
489 441 556 496 dare
574 442 658 495 millia
674 445 756 495 terna
771 440 885 495 macello

171 517 355 584 Angmtoque
371 532 455 584 vagos
471 518 559 586 pisces
576 534 674 586 urgere
691 518 795 573 catino.

170 587 273 656 Magna
289 593 382 645 movet
400 592 538 646 stomacho
554 592 673 660 fastidia,
692 610 742 647 seu
757 610 827 662 puer
843 590 933 646 unctis
1013 613 1017 621 ¹

170 662 310 719 Tractavit
327 666 437 721 calicem
454 668 580 722 manibus
598 667 664 722 dum
680 669 755 723 fruta
770 669 879 736 ligurit3

171 738 235 793 Sive
251 741 342 808 gravis
359 744 447 796 veteri
465 746 590 798 craterae
606 744 689 799 limus
705 745 839 799 adhaesit.
996 769 1024 805 cc

170 814 280 870 Vilibus
296 817 326 870 in
343 819 438 887 scopis,
455 820 485 873 in
501 820 615 889 mappic,
633 821 662 874 in
678 821 759 875 scobe
776 822 895 890 quantus

170 889 304 946 Consistit
321 897 465 982 sumpturi
497 896 524 948 N
526 896 638 964 egleetis
655 896 790 965 flagitium
806 897 855 964 ing
837 911 912 950 sens.

169 965 227 1021 Ten
244 968 351 1036 lapides
367 971 456 1024 varios
474 970 612 1026 lutulenta
628 972 728 1027 radere
745 973 837 1042 palma

169 1042 208 1096 Et
226 1043 319 1112 Tyr-ias
337 1045 405 1100 dare
422 1047 525 1100 circum
541 1047 630 1102 inluta
645 1049 745 1102 toralia
761 1052 856 1101 vestes

168 1118 295 1173 Oblitum
312 1126 415 1189 quanto
432 1139 526 1177 euram
543 1128 737 1194 sumptumque
754 1125 888 1177 minorem
996 1137 1021 1177 aa

169 1193 248 1248 Haec
266 1196 386 1251 habeant
402 1201 480 1252 tanto
494 1199 686 1267 reprehendi
673 1217 721 1268 Jus
722 1200 779 1253 tius
793 1199 850 1252 illis

145 1274 147 1278 ’
170 1269 247 1333 Quae
264 1271 317 1324 nisi
336 1272 467 1326 divitibus
485 1278 624 1343 nequeant
641 1276 799 1343 contingere
816 1270 951 1327 mensisi''

169 1344 277 1400 “Docte
295 1347 364 1416 eati,
380 1365 432 1417 per
448 1350 596 1403 amicitiam
615 1350 746 1419 divosque
763 1353 882 1417 rogatus,

167 1419 278 1476 Ducere
294 1439 339 1478 me
356 1424 481 1478 auditum
499 1442 598 1513 perges
616 1442 778 1495 quoeunque
795 1426 940 1478 memento

167 1496 240 1551 Nam
258 1500 384 1567 quamvis
398 1501 513 1554 memori
530 1501 634 1555 referas
652 1502 719 1555 mihi
736 1504 847 1590 pectore
864 1501 969 1568 cuncta,
996 1514 1023 1574 11

144 1604 146 1607 -
166 1571 194 1625 N
196 1590 231 1627 on
248 1577 341 1629 tamen
358 1576 497 1644 interpres
513 1577 704 1631 tantundem
690 1577 804 1646 juveris.
840 1575 923 1630 Adde

167 1648 236 1703 Vult
224 1654 284 1704 tum
300 1649 481 1739 habitumque
498 1638 623 1721 hominis,
644 1670 726 1722 quem
743 1657 776 1707 11
792 1652 895 1706 vidisse
912 1650 1011 1703 beatus

17 1775 18 1782 ,
101 1756 105 1762 ·
166 1723 230 1779 Non
247 1727 339 1795 magni
355 1728 454 1796 pendis
473 1729 538 1799 quia
555 1695 686 1796 contigit3
703 1728 818 1783 etmihi
835 1743 901 1781 cura

165 1799 193 1853 N
194 1818 229 1855 on
246 1803 392 1857 mediocris
409 1804 490 1871 inest,
507 1806 648 1859 iontesut
665 1805 742 1857 adire
759 1807 879 1856 remotos

166 1877 263 1946 Atque
280 1877 391 1932 haurire
409 1894 509 1948 queam
525 1880 601 1934 vitae
617 1882 766 1949 praecepta
782 1875 902 1931 beatae?
994 1890 1023 1936 95

167 2099 255 2155 “Hoc
272 2116 389 2171 quoque,
406 2099 518 2169 Tiresia,
536 2103 648 2170 praeter
663 2102 776 2155 narrata
791 2098 899 2170 petenti

166 2174 322 2244 Responde,
341 2176 441 2245 quibus
458 2178 572 2230 amissas
589 2192 718 2246 reparare
735 2192 834 2245 queam
850 2190 897 2229 res

166 2251 283 2306 Artibus
301 2256 385 2320 atque
401 2250 498 2305 modis.
534 2251 609 2316 Quid
625 2252 736 2305 ridesi'’
772 2252 896 2304 “Jamne
914 2249 1008 2305 doloso

164 2326 228 2380 Non
246 2327 313 2381 satis
331 2331 375 2382 est
393 2326 517 2381 Ithacam
535 2328 630 2381 revehi
648 2326 805 2396 patriosque
822 2329 938 2394 penates

165 2402 358 2473 Adspicerei'’
394 2402 441 2456 “0
459 2403 527 2456 nulli
546 2403 697 2472 quidquam
713 2402 838 2468 mentite,
855 2400 933 2455 vides
950 2404 983 2455 11
1007 2417 1020 2456 5

163 2479 264 2533 Nudus
281 2480 415 2550 inopsque
432 2479 547 2533 domum
562 2479 684 2547 redeam,
701 2481 732 2532 te
748 2481 818 2544 vate,
836 2493 926 2547 neque
942 2478 997 2532 illic

165 2554 224 2610 Aut
241 2556 375 2623 apotheca
391 2555 482 2624 procis
498 2556 603 2609 intacta
620 2557 730 2609 estant
746 2569 845 2623 pecus3
862 2553 940 2621 atqui

164 2628 202 2684 Et
218 2648 306 2698 genus
325 2635 354 2685 et
374 2631 460 2685 virtus
477 2631 530 2685 nisi
547 2647 611 2685 cum
627 2647 659 2684 re
675 2628 756 2683 vilior
772 2630 833 2697 alga
849 2629 916 2683 cst.'’

165 2705 303 2770 “Quando
319 2707 486 2776 pauperiem,
503 2706 595 2761 missis
611 2705 781 2773 ambagibus,
798 2705 902 2772 horres,

166 2782 269 2851 Accipe
288 2799 343 2851 qua
360 2782 467 2836 ratione
486 2800 572 2852 queas
589 2783 732 2838 ditescere.
767 2781 875 2835 Turdus
1002 2805 1025 2845 10
1056 2811 1059 2814 -

166 2856 228 2911 Sive
246 2857 322 2911 aliud
339 2858 445 2926 privum
464 2858 578 2913 dabitur
594 2859 654 2926 tibi,
672 2858 783 2912 devolet
798 2857 863 2910 illuc

165 2932 222 2986 Res
239 2933 288 2986 ubi
305 2949 403 3000 magna
419 2934 492 2987 nitet
509 2933 620 2988 domino
638 2950 716 2999 sene;
734 2933 824 2987 dulcia
840 2946 921 3000 poma

165 3007 202 3062 Et
218 3023 397 3077 quoscunque
413 3008 486 3077 feret
502 3009 594 3063 cultus
610 3009 662 3063 tibi
680 3009 783 3063 fundus
799 3008 916 3059 honores

166 3084 241 3137 Ante
259 3084 358 3137 Larem
376 3087 471 3151 gustet
487 3084 671 3139 venerabilior
688 3085 759 3138 Lare
777 3082 868 3147 dives;

166 3157 218 3222 Qui
236 3159 361 3228 quamvis
378 3159 506 3227 perjurus
524 3160 584 3228 erit,
603 3161 662 3214 sine
679 3163 768 3227 gente,
786 3158 916 3209 cruentus
996 3163 1022 3208 15

166 3232 303 3303 Sanguine
319 3234 450 3304 fraterno,
467 3233 609 3303 fugitivus,
627 3251 662 3289 ne
680 3239 774 3289 tamen
791 3231 830 3284 1111
