<?xml version="1.0" encoding="UTF-8"?>
<!DOCTYPE html PUBLIC "-//W3C//DTD XHTML 1.0 Transitional//EN"
    "http://www.w3.org/TR/xhtml1/DTD/xhtml1-transitional.dtd">
<html xmlns="http://www.w3.org/1999/xhtml" xml:lang="en" lang="en">
 <head>
  <title>
</title>
<meta http-equiv="Content-Type" content="text/html;charset=utf-8" />
  <meta name='ocr-system' content='tesseract 3.04.00' />
  <meta name='ocr-capabilities' content='ocr_page ocr_carea ocr_par ocr_line ocrx_word'/>
</head>
<body>
  <div class='ocr_page' id='page_1' title='image "./quintihoraticfl00maclgoog_0158.png"; bbox 0 0 2275 3550; ppageno 0'>
   <div class='ocr_carea' id='block_1_1' title="bbox 131 180 997 3047">
    <p class='ocr_par' dir='ltr' id='par_1_1' title="bbox 139 180 722 251">
     <span class='ocr_line' id='line_1_1' title="bbox 139 180 722 251; baseline -0.003 -17"><span class='ocrx_word' id='word_1_1' title='bbox 139 186 187 234; x_wconf 79' lang='lat' dir='ltr'><strong>rm</strong></span> <span class='ocrx_word' id='word_1_2' title='bbox 402 180 573 251; x_wconf 60' lang='lat' dir='ltr'><strong>,nouam</strong></span> <span class='ocrx_word' id='word_1_3' title='bbox 590 181 722 232; x_wconf 74' lang='lat' dir='ltr'><strong>aulem</strong></span> 
     </span>
    </p>

    <p class='ocr_par' dir='ltr' id='par_1_2' title="bbox 138 259 873 337">
     <span class='ocr_line' id='line_1_2' title="bbox 138 259 873 337; baseline 0.003 -22"><span class='ocrx_word' id='word_1_4' title='bbox 138 262 194 316; x_wconf 79' lang='lat' dir='ltr'><strong>Vix</strong></span> <span class='ocrx_word' id='word_1_5' title='bbox 211 266 304 317; x_wconf 84' lang='lat' dir='ltr'><strong>tamen</strong></span> <span class='ocrx_word' id='word_1_6' title='bbox 322 259 438 329; x_wconf 84' lang='lat' dir='ltr'>eripiam</span> <span class='ocrx_word' id='word_1_7' title='bbox 454 260 544 329; x_wconf 91' lang='lat' dir='ltr'><strong>posito</strong></span> <span class='ocrx_word' id='word_1_8' title='bbox 562 277 667 330; x_wconf 82' lang='lat' dir='ltr'><strong>parone</strong></span> <span class='ocrx_word' id='word_1_9' title='bbox 685 263 753 317; x_wconf 87' lang='lat' dir='ltr'><strong>velis</strong></span> <span class='ocrx_word' id='word_1_10' title='bbox 771 264 840 337; x_wconf 80' lang='lat' dir='ltr'><strong>quin</strong></span> <span class='ocrx_word' id='word_1_11' title='bbox 871 292 873 298; x_wconf 40' lang='grc' dir='ltr'><strong><em>ι</em></strong></span> 
     </span>
    </p>

    <p class='ocr_par' dir='ltr' id='par_1_3' title="bbox 138 336 803 408">
     <span class='ocr_line' id='line_1_3' title="bbox 138 336 803 408; baseline 0.002 -17"><span class='ocrx_word' id='word_1_12' title='bbox 138 338 200 392; x_wconf 88' lang='lat' dir='ltr'><strong>Hoc</strong></span> <span class='ocrx_word' id='word_1_13' title='bbox 216 336 308 407; x_wconf 89' lang='lat' dir='ltr'><strong>potius</strong></span> <span class='ocrx_word' id='word_1_14' title='bbox 326 353 408 403; x_wconf 87' lang='lat' dir='ltr'><strong>quam</strong></span> <span class='ocrx_word' id='word_1_15' title='bbox 425 336 525 404; x_wconf 84' lang='lat' dir='ltr'><strong>gallina</strong></span> <span class='ocrx_word' id='word_1_16' title='bbox 542 340 653 405; x_wconf 75' lang='lat' dir='ltr'>tergere</span> <span class='ocrx_word' id='word_1_17' title='bbox 671 339 803 408; x_wconf 82' lang='lat' dir='ltr'><strong>palatum,</strong></span> 
     </span>
    </p>

    <p class='ocr_par' dir='ltr' id='par_1_4' title="bbox 135 412 997 1009">
     <span class='ocr_line' id='line_1_4' title="bbox 138 412 997 482; baseline 0.002 -16"><span class='ocrx_word' id='word_1_18' title='bbox 138 413 289 482; x_wconf 78' lang='lat' dir='ltr'><strong>Corruptus</strong></span> <span class='ocrx_word' id='word_1_19' title='bbox 307 412 383 465; x_wconf 89' lang='lat' dir='ltr'><strong>vanis</strong></span> <span class='ocrx_word' id='word_1_20' title='bbox 400 428 500 479; x_wconf 87' lang='lat' dir='ltr'><strong>rerum,</strong></span> <span class='ocrx_word' id='word_1_21' title='bbox 519 413 584 481; x_wconf 83' lang='lat' dir='ltr'><strong>quia</strong></span> <span class='ocrx_word' id='word_1_22' title='bbox 601 418 701 468; x_wconf 84' lang='lat' dir='ltr'><strong>veneat</strong></span> <span class='ocrx_word' id='word_1_23' title='bbox 718 431 785 468; x_wconf 88' lang='lat' dir='ltr'><strong>auro</strong></span> <span class='ocrx_word' id='word_1_24' title='bbox 813 462 816 466; x_wconf 90' lang='lat'>.</span> <span class='ocrx_word' id='word_1_25' title='bbox 971 432 997 474; x_wconf 74' lang='lat' dir='ltr'><strong>ss</strong></span> 
     </span>
     <span class='ocr_line' id='line_1_5' title="bbox 138 486 838 556; baseline 0.004 -15"><span class='ocrx_word' id='word_1_26' title='bbox 138 487 212 541; x_wconf 87' lang='lat' dir='ltr'><strong>Rara</strong></span> <span class='ocrx_word' id='word_1_27' title='bbox 228 488 285 541; x_wconf 82' lang='lat' dir='ltr'><strong>aris</strong></span> <span class='ocrx_word' id='word_1_28' title='bbox 302 489 332 541; x_wconf 89' lang='lat' dir='ltr'><strong>et</strong></span> <span class='ocrx_word' id='word_1_29' title='bbox 349 486 424 555; x_wconf 89' lang='lat' dir='ltr'><strong>pieta</strong></span> <span class='ocrx_word' id='word_1_30' title='bbox 440 487 544 555; x_wconf 88' lang='lat' dir='ltr'><strong>pandat</strong></span> <span class='ocrx_word' id='word_1_31' title='bbox 562 490 719 555; x_wconf 86' lang='lat' dir='ltr'><strong>spectacula</strong></span> <span class='ocrx_word' id='word_1_32' title='bbox 735 490 838 556; x_wconf 89' lang='lat' dir='ltr'><strong>cauda;</strong></span> 
     </span>
     <span class='ocr_line' id='line_1_6' title="bbox 137 563 996 633; baseline 0.008 -16"><span class='ocrx_word' id='word_1_33' title='bbox 137 564 285 632; x_wconf 80' lang='lat' dir='ltr'><strong>Tamquam</strong></span> <span class='ocrx_word' id='word_1_34' title='bbox 298 563 334 616; x_wconf 87' lang='lat' dir='ltr'><strong>ad</strong></span> <span class='ocrx_word' id='word_1_35' title='bbox 346 579 405 616; x_wconf 90' lang='lat' dir='ltr'><strong>rem</strong></span> <span class='ocrx_word' id='word_1_36' title='bbox 417 564 534 618; x_wconf 78' lang='lat' dir='ltr'><strong>attineat</strong></span> <span class='ocrx_word' id='word_1_37' title='bbox 547 565 705 633; x_wconf 82' lang='lat' dir='ltr'>quidquam.</span> <span class='ocrx_word' id='word_1_38' title='bbox 729 566 755 618; x_wconf 91' lang='lat' dir='ltr'><strong>N</strong></span> <span class='ocrx_word' id='word_1_39' title='bbox 757 583 804 619; x_wconf 88' lang='lat' dir='ltr'><strong>um</strong></span> <span class='ocrx_word' id='word_1_40' title='bbox 813 569 930 622; x_wconf 86' lang='lat' dir='ltr'><strong>vesceris</strong></span> <span class='ocrx_word' id='word_1_41' title='bbox 939 569 996 625; x_wconf 84' lang='lat' dir='ltr'><strong>ista</strong></span> 
     </span>
     <span class='ocr_line' id='line_1_7' title="bbox 138 638 987 707; baseline 0.007 -15"><span class='ocrx_word' id='word_1_42' title='bbox 138 639 225 702; x_wconf 81' lang='lat' dir='ltr'><strong>Quam</strong></span> <span class='ocrx_word' id='word_1_43' title='bbox 243 638 340 692; x_wconf 88' lang='lat' dir='ltr'><strong>laudas</strong></span> <span class='ocrx_word' id='word_1_44' title='bbox 356 638 468 707; x_wconf 76' lang='lat' dir='ltr'><strong>plumat</strong></span> <span class='ocrx_word' id='word_1_45' title='bbox 504 639 590 693; x_wconf 79' lang='lat' dir='ltr'><strong>(lecto</strong></span> <span class='ocrx_word' id='word_1_46' title='bbox 607 657 673 693; x_wconf 89' lang='lat' dir='ltr'><strong>num</strong></span> <span class='ocrx_word' id='word_1_47' title='bbox 691 640 771 695; x_wconf 85' lang='lat' dir='ltr'><strong>adest</strong></span> <span class='ocrx_word' id='word_1_48' title='bbox 788 642 875 695; x_wconf 91' lang='lat' dir='ltr'><strong>honor</strong></span> <span class='ocrx_word' id='word_1_49' title='bbox 892 644 987 699; x_wconf 69' lang='lat' dir='ltr'><strong>idem?</strong></span> 
     </span>
     <span class='ocr_line' id='line_1_8' title="bbox 137 712 911 784; baseline 0.004 -16"><span class='ocrx_word' id='word_1_50' title='bbox 137 714 225 769; x_wconf 79' lang='lat' dir='ltr'><strong>(larue</strong></span> <span class='ocrx_word' id='word_1_51' title='bbox 242 718 335 768; x_wconf 85' lang='lat' dir='ltr'><strong>tamen</strong></span> <span class='ocrx_word' id='word_1_52' title='bbox 353 712 477 781; x_wconf 88' lang='lat' dir='ltr'><strong>quamvis</strong></span> <span class='ocrx_word' id='word_1_53' title='bbox 496 714 582 768; x_wconf 88' lang='lat' dir='ltr'><strong>distat</strong></span> <span class='ocrx_word' id='word_1_54' title='bbox 598 716 645 784; x_wconf 91' lang='lat' dir='ltr'><strong>nil,</strong></span> <span class='ocrx_word' id='word_1_55' title='bbox 663 715 713 770; x_wconf 88' lang='lat' dir='ltr'><strong>hae</strong></span> <span class='ocrx_word' id='word_1_56' title='bbox 730 716 818 784; x_wconf 80' lang='lat' dir='ltr'><strong>magis</strong></span> <span class='ocrx_word' id='word_1_57' title='bbox 836 718 911 771; x_wconf 85' lang='lat' dir='ltr'><strong>illam</strong></span> 
     </span>
     <span class='ocr_line' id='line_1_9' title="bbox 137 789 994 859; baseline 0.007 -16"><span class='ocrx_word' id='word_1_58' title='bbox 137 790 291 859; x_wconf 86' lang='lat' dir='ltr'><strong>Imparibus</strong></span> <span class='ocrx_word' id='word_1_59' title='bbox 309 789 403 842; x_wconf 85' lang='lat' dir='ltr'><strong>formis</strong></span> <span class='ocrx_word' id='word_1_60' title='bbox 422 789 567 857; x_wconf 90' lang='lat' dir='ltr'><strong>deceptum</strong></span> <span class='ocrx_word' id='word_1_61' title='bbox 585 794 614 844; x_wconf 89' lang='lat' dir='ltr'><strong>te</strong></span> <span class='ocrx_word' id='word_1_62' title='bbox 632 795 744 859; x_wconf 87' lang='lat' dir='ltr'><strong>petere!</strong></span> <span class='ocrx_word' id='word_1_63' title='bbox 783 793 867 847; x_wconf 86' lang='lat' dir='ltr'><strong>Esto:</strong></span> <span class='ocrx_word' id='word_1_64' title='bbox 969 811 994 849; x_wconf 82' lang='lat' dir='ltr'><strong>so</strong></span> 
     </span>
     <span class='ocr_line' id='line_1_10' title="bbox 135 863 884 930; baseline 0.003 -11"><span class='ocrx_word' id='word_1_65' title='bbox 135 865 218 919; x_wconf 85' lang='lat' dir='ltr'>Unde</span> <span class='ocrx_word' id='word_1_66' title='bbox 236 865 332 918; x_wconf 88' lang='lat' dir='ltr'><strong>datum</strong></span> <span class='ocrx_word' id='word_1_67' title='bbox 350 863 435 916; x_wconf 88' lang='lat' dir='ltr'><strong>sentis</strong></span> <span class='ocrx_word' id='word_1_68' title='bbox 453 864 532 930; x_wconf 86' lang='lat' dir='ltr'><strong>lupus</strong></span> <span class='ocrx_word' id='word_1_69' title='bbox 550 865 595 918; x_wconf 91' lang='lat' dir='ltr'><strong>hic</strong></span> <span class='ocrx_word' id='word_1_70' title='bbox 613 866 757 922; x_wconf 81' lang='lat' dir='ltr'><strong>Tiberinus</strong></span> <span class='ocrx_word' id='word_1_71' title='bbox 775 885 810 921; x_wconf 88' lang='lat' dir='ltr'><strong>an</strong></span> <span class='ocrx_word' id='word_1_72' title='bbox 827 868 884 921; x_wconf 87' lang='lat' dir='ltr'><strong>alto</strong></span> 
     </span>
     <span class='ocr_line' id='line_1_11' title="bbox 136 939 861 1009; baseline 0.004 -15"><span class='ocrx_word' id='word_1_73' title='bbox 136 940 239 1009; x_wconf 79' lang='lat' dir='ltr'><strong>Captus</strong></span> <span class='ocrx_word' id='word_1_74' title='bbox 257 940 323 1006; x_wconf 84' lang='lat' dir='ltr'><strong>hiet,</strong></span> <span class='ocrx_word' id='word_1_75' title='bbox 340 941 475 1008; x_wconf 88' lang='lat' dir='ltr'><strong>pontesne</strong></span> <span class='ocrx_word' id='word_1_76' title='bbox 492 939 566 993; x_wconf 89' lang='lat' dir='ltr'><strong>inter</strong></span> <span class='ocrx_word' id='word_1_77' title='bbox 579 940 701 1008; x_wconf 86' lang='lat' dir='ltr'><strong>jactatus</strong></span> <span class='ocrx_word' id='word_1_78' title='bbox 719 960 754 997; x_wconf 88' lang='lat' dir='ltr'><strong>au</strong></span> <span class='ocrx_word' id='word_1_79' title='bbox 773 944 861 998; x_wconf 88' lang='lat' dir='ltr'><strong>amnis</strong></span> 
     </span>
    </p>

    <p class='ocr_par' dir='ltr' id='par_1_5' title="bbox 136 1014 829 1086">
     <span class='ocr_line' id='line_1_12' title="bbox 136 1014 829 1086; baseline 0.004 -17"><span class='ocrx_word' id='word_1_80' title='bbox 136 1015 215 1069; x_wconf 89' lang='lat' dir='ltr'><strong>Ostia</strong></span> <span class='ocrx_word' id='word_1_81' title='bbox 232 1014 399 1069; x_wconf 67' lang='lat' dir='ltr'><strong>subluscil</strong></span> <span class='ocrx_word' id='word_1_82' title='bbox 435 1014 551 1084; x_wconf 83' lang='lat' dir='ltr'><strong>Laudas,</strong></span> <span class='ocrx_word' id='word_1_83' title='bbox 569 1015 672 1086; x_wconf 86' lang='lat' dir='ltr'><strong>insane,</strong></span> <span class='ocrx_word' id='word_1_84' title='bbox 690 1019 829 1073; x_wconf 85' lang='lat' dir='ltr'>trilibrem</span> 
     </span>
    </p>

    <p class='ocr_par' dir='ltr' id='par_1_6' title="bbox 135 1090 993 1310">
     <span class='ocr_line' id='line_1_13' title="bbox 135 1090 993 1161; baseline 0.008 -17"><span class='ocrx_word' id='word_1_85' title='bbox 135 1091 253 1144; x_wconf 91' lang='lat' dir='ltr'><strong>Mullum</strong></span> <span class='ocrx_word' id='word_1_86' title='bbox 268 1090 297 1143; x_wconf 87' lang='lat' dir='ltr'><strong>in</strong></span> <span class='ocrx_word' id='word_1_87' title='bbox 313 1090 419 1158; x_wconf 83' lang='lat' dir='ltr'><strong>singula</strong></span> <span class='ocrx_word' id='word_1_88' title='bbox 435 1106 517 1158; x_wconf 90' lang='lat' dir='ltr'><strong>quem</strong></span> <span class='ocrx_word' id='word_1_89' title='bbox 533 1090 639 1145; x_wconf 88' lang='lat' dir='ltr'><strong>minuas</strong></span> <span class='ocrx_word' id='word_1_90' title='bbox 655 1093 797 1161; x_wconf 89' lang='lat' dir='ltr'><strong>pulmenta</strong></span> <span class='ocrx_word' id='word_1_91' title='bbox 812 1110 924 1150; x_wconf 87' lang='lat' dir='ltr'><strong>necesse</strong></span> <span class='ocrx_word' id='word_1_92' title='bbox 941 1099 993 1151; x_wconf 84' lang='lat' dir='ltr'><strong>est</strong></span> 
     </span>
     <span class='ocr_line' id='line_1_14' title="bbox 135 1165 992 1237; baseline 0.005 -18"><span class='ocrx_word' id='word_1_93' title='bbox 135 1165 219 1221; x_wconf 83' lang='lat' dir='ltr'><strong>Ducit</strong></span> <span class='ocrx_word' id='word_1_94' title='bbox 235 1170 265 1220; x_wconf 89' lang='lat' dir='ltr'><strong>te</strong></span> <span class='ocrx_word' id='word_1_95' title='bbox 283 1166 387 1235; x_wconf 86' lang='lat' dir='ltr'><strong>speeies</strong></span> <span class='ocrx_word' id='word_1_96' title='bbox 403 1165 499 1220; x_wconf 87' lang='lat' dir='ltr'><strong>video:</strong></span> <span class='ocrx_word' id='word_1_97' title='bbox 517 1181 571 1233; x_wconf 91' lang='lat' dir='ltr'><strong>quo</strong></span> <span class='ocrx_word' id='word_1_98' title='bbox 588 1168 710 1236; x_wconf 85' lang='lat' dir='ltr'><strong>pertinet</strong></span> <span class='ocrx_word' id='word_1_99' title='bbox 727 1185 792 1237; x_wconf 85' lang='lat' dir='ltr'><strong>ergo</strong></span> <span class='ocrx_word' id='word_1_100' title='bbox 966 1187 992 1228; x_wconf 78' lang='lat' dir='ltr'><strong>ss</strong></span> 
     </span>
     <span class='ocr_line' id='line_1_15' title="bbox 135 1241 788 1310; baseline 0.003 -15"><span class='ocrx_word' id='word_1_101' title='bbox 135 1241 267 1297; x_wconf 87' lang='lat' dir='ltr'><strong>Proceros</strong></span> <span class='ocrx_word' id='word_1_102' title='bbox 284 1242 375 1296; x_wconf 91' lang='lat' dir='ltr'><strong>odisse</strong></span> <span class='ocrx_word' id='word_1_103' title='bbox 393 1241 488 1310; x_wconf 82' lang='lat' dir='ltr'><strong>luposl</strong></span> <span class='ocrx_word' id='word_1_104' title='bbox 524 1242 595 1306; x_wconf 82' lang='lat' dir='ltr'><strong>Quia</strong></span> <span class='ocrx_word' id='word_1_105' title='bbox 613 1243 716 1298; x_wconf 86' lang='lat' dir='ltr'><strong>scilicet</strong></span> <span class='ocrx_word' id='word_1_106' title='bbox 733 1243 788 1297; x_wconf 92' lang='lat' dir='ltr'><strong>illis</strong></span> 
     </span>
    </p>

    <p class='ocr_par' dir='ltr' id='par_1_7' title="bbox 133 1314 912 1460">
     <span class='ocr_line' id='line_1_16' title="bbox 134 1314 912 1389; baseline 0.008 -19"><span class='ocrx_word' id='word_1_107' title='bbox 134 1314 270 1385; x_wconf 88' lang='lat' dir='ltr'><strong>Majorem</strong></span> <span class='ocrx_word' id='word_1_108' title='bbox 286 1320 385 1371; x_wconf 91' lang='lat' dir='ltr'><strong>natura</strong></span> <span class='ocrx_word' id='word_1_109' title='bbox 401 1316 513 1370; x_wconf 87' lang='lat' dir='ltr'><strong>modum</strong></span> <span class='ocrx_word' id='word_1_110' title='bbox 531 1317 616 1389; x_wconf 75' lang='lat' dir='ltr'><strong>dedit,</strong></span> <span class='ocrx_word' id='word_1_111' title='bbox 634 1317 678 1371; x_wconf 91' lang='lat' dir='ltr'><strong>his</strong></span> <span class='ocrx_word' id='word_1_112' title='bbox 695 1319 781 1374; x_wconf 84' lang='lat' dir='ltr'><strong>breve</strong></span> <span class='ocrx_word' id='word_1_113' title='bbox 798 1321 912 1389; x_wconf 88' lang='lat' dir='ltr'><strong>pondus.</strong></span> 
     </span>
     <span class='ocr_line' id='line_1_17' title="bbox 133 1390 772 1460; baseline 0.011 -17"><span class='ocrx_word' id='word_1_114' title='bbox 133 1390 255 1458; x_wconf 81' lang='lat' dir='ltr'><strong>Jejunus</strong></span> <span class='ocrx_word' id='word_1_115' title='bbox 272 1408 335 1445; x_wconf 87' lang='lat' dir='ltr'><strong>raro</strong></span> <span class='ocrx_word' id='word_1_116' title='bbox 352 1392 506 1446; x_wconf 81' lang='lat' dir='ltr'><strong>stomachus</strong></span> <span class='ocrx_word' id='word_1_117' title='bbox 523 1392 646 1460; x_wconf 78' lang='lat' dir='ltr'><strong>vulgaria</strong></span> <span class='ocrx_word' id='word_1_118' title='bbox 663 1396 772 1450; x_wconf 84' lang='lat' dir='ltr'><strong>temnit.</strong></span> 
     </span>
    </p>

    <p class='ocr_par' dir='ltr' id='par_1_8' title="bbox 134 1465 830 1535">
     <span class='ocr_line' id='line_1_18' title="bbox 134 1465 830 1535; baseline 0.011 -17"><span class='ocrx_word' id='word_1_119' title='bbox 134 1465 315 1519; x_wconf 85' lang='lat' dir='ltr'><strong>“Porrectum</strong></span> <span class='ocrx_word' id='word_1_120' title='bbox 333 1482 431 1533; x_wconf 83' lang='lat' dir='ltr'><strong>magno</strong></span> <span class='ocrx_word' id='word_1_121' title='bbox 449 1482 579 1533; x_wconf 85' lang='lat' dir='ltr'><strong>magnum</strong></span> <span class='ocrx_word' id='word_1_122' title='bbox 598 1472 722 1535; x_wconf 90' lang='lat' dir='ltr'><strong>spectare</strong></span> <span class='ocrx_word' id='word_1_123' title='bbox 739 1471 830 1525; x_wconf 87' lang='lat' dir='ltr'><strong>catino</strong></span> 
     </span>
    </p>

    <p class='ocr_par' dir='ltr' id='par_1_9' title="bbox 133 1540 990 2141">
     <span class='ocr_line' id='line_1_19' title="bbox 133 1540 990 1613; baseline 0.014 -21"><span class='ocrx_word' id='word_1_124' title='bbox 133 1540 264 1609; x_wconf 87' lang='lat' dir='ltr'><strong>Vellem,&#39;&#39;</strong></span> <span class='ocrx_word' id='word_1_125' title='bbox 276 1540 316 1593; x_wconf 89' lang='lat' dir='ltr'><strong>ait</strong></span> <span class='ocrx_word' id='word_1_126' title='bbox 335 1540 465 1609; x_wconf 82' lang='lat' dir='ltr'><strong>Harpyiis</strong></span> <span class='ocrx_word' id='word_1_127' title='bbox 482 1540 546 1608; x_wconf 82' lang='lat' dir='ltr'><strong>gula</strong></span> <span class='ocrx_word' id='word_1_128' title='bbox 564 1540 648 1609; x_wconf 84' lang='lat' dir='ltr'><strong>digua</strong></span> <span class='ocrx_word' id='word_1_129' title='bbox 665 1544 816 1612; x_wconf 86' lang='lat' dir='ltr'><strong>rapacibus.</strong></span> <span class='ocrx_word' id='word_1_130' title='bbox 846 1545 888 1598; x_wconf 85' lang='lat' dir='ltr'><strong>At</strong></span> <span class='ocrx_word' id='word_1_131' title='bbox 899 1561 953 1613; x_wconf 85' lang='lat' dir='ltr'><strong>vos,</strong></span> <span class='ocrx_word' id='word_1_132' title='bbox 965 1562 990 1604; x_wconf 73' lang='lat' dir='ltr'><strong>so</strong></span> 
     </span>
     <span class='ocr_line' id='line_1_20' title="bbox 134 1615 989 1689; baseline 0.008 -20"><span class='ocrx_word' id='word_1_133' title='bbox 134 1615 298 1671; x_wconf 89' lang='lat' dir='ltr'><strong>Praesentes</strong></span> <span class='ocrx_word' id='word_1_134' title='bbox 317 1616 421 1682; x_wconf 83' lang='lat' dir='ltr'><strong>Austri,</strong></span> <span class='ocrx_word' id='word_1_135' title='bbox 433 1616 542 1684; x_wconf 83' lang='lat' dir='ltr'><strong>coquite</strong></span> <span class='ocrx_word' id='word_1_136' title='bbox 559 1616 657 1671; x_wconf 88' lang='lat' dir='ltr'><strong>horum</strong></span> <span class='ocrx_word' id='word_1_137' title='bbox 669 1619 989 1689; x_wconf 71' lang='lat' dir='ltr'><strong>obsonia-quamquam</strong></span> 
     </span>
     <span class='ocr_line' id='line_1_21' title="bbox 134 1689 934 1765; baseline 0.006 -21"><span class='ocrx_word' id='word_1_138' title='bbox 134 1690 220 1746; x_wconf 89' lang='lat' dir='ltr'><strong>Putet</strong></span> <span class='ocrx_word' id='word_1_139' title='bbox 236 1707 303 1761; x_wconf 89' lang='lat' dir='ltr'><strong>aper</strong></span> <span class='ocrx_word' id='word_1_140' title='bbox 320 1689 503 1760; x_wconf 75' lang='lat' dir='ltr'><strong>rhombusque</strong></span> <span class='ocrx_word' id='word_1_141' title='bbox 520 1707 623 1761; x_wconf 87' lang='lat' dir='ltr'><strong>recens,</strong></span> <span class='ocrx_word' id='word_1_142' title='bbox 641 1693 714 1747; x_wconf 86' lang='lat' dir='ltr'><strong>mala</strong></span> <span class='ocrx_word' id='word_1_143' title='bbox 730 1696 809 1765; x_wconf 87' lang='lat' dir='ltr'><strong>copia</strong></span> <span class='ocrx_word' id='word_1_144' title='bbox 826 1695 934 1764; x_wconf 88' lang='lat' dir='ltr'><strong>quando</strong></span> 
     </span>
     <span class='ocr_line' id='line_1_22' title="bbox 133 1768 904 1842; baseline 0.006 -20"><span class='ocrx_word' id='word_1_145' title='bbox 133 1773 257 1838; x_wconf 84' lang='lat' dir='ltr'><strong>Aegrum</strong></span> <span class='ocrx_word' id='word_1_146' title='bbox 276 1768 403 1823; x_wconf 88' lang='lat' dir='ltr'><strong>sollicitat</strong></span> <span class='ocrx_word' id='word_1_147' title='bbox 420 1768 597 1837; x_wconf 85' lang='lat' dir='ltr'><strong>stomachum,</strong></span> <span class='ocrx_word' id='word_1_148' title='bbox 614 1787 677 1825; x_wconf 90' lang='lat' dir='ltr'><strong>cum</strong></span> <span class='ocrx_word' id='word_1_149' title='bbox 694 1774 790 1841; x_wconf 78' lang='lat' dir='ltr'><strong>rapula</strong></span> <span class='ocrx_word' id='word_1_150' title='bbox 807 1773 904 1842; x_wconf 89' lang='lat' dir='ltr'><strong>plenus</strong></span> 
     </span>
     <span class='ocr_line' id='line_1_23' title="bbox 133 1844 954 1913; baseline 0.005 -14"><span class='ocrx_word' id='word_1_151' title='bbox 133 1845 229 1913; x_wconf 85' lang='lat' dir='ltr'><strong>Atque</strong></span> <span class='ocrx_word' id='word_1_152' title='bbox 246 1845 338 1899; x_wconf 85' lang='lat' dir='ltr'><strong>acidas</strong></span> <span class='ocrx_word' id='word_1_153' title='bbox 355 1844 459 1901; x_wconf 88' lang='lat' dir='ltr'><strong>mavult</strong></span> <span class='ocrx_word' id='word_1_154' title='bbox 476 1846 571 1899; x_wconf 89' lang='lat' dir='ltr'><strong>inulas.</strong></span> <span class='ocrx_word' id='word_1_155' title='bbox 606 1845 734 1901; x_wconf 86' lang='lat' dir='ltr'><strong>Necdum</strong></span> <span class='ocrx_word' id='word_1_156' title='bbox 751 1849 839 1902; x_wconf 89' lang='lat' dir='ltr'><strong>omnis</strong></span> <span class='ocrx_word' id='word_1_157' title='bbox 856 1848 954 1903; x_wconf 86' lang='lat' dir='ltr'><strong>abacta</strong></span> 
     </span>
     <span class='ocr_line' id='line_1_24' title="bbox 134 1919 989 1990; baseline 0.007 -17"><span class='ocrx_word' id='word_1_158' title='bbox 134 1919 281 1989; x_wconf 89' lang='lat' dir='ltr'><strong>Pauperies</strong></span> <span class='ocrx_word' id='word_1_159' title='bbox 299 1921 386 1990; x_wconf 87' lang='lat' dir='ltr'><strong>epulis</strong></span> <span class='ocrx_word' id='word_1_160' title='bbox 403 1937 515 1989; x_wconf 79' lang='lat' dir='ltr'><strong>regum3</strong></span> <span class='ocrx_word' id='word_1_161' title='bbox 532 1937 596 1975; x_wconf 89' lang='lat' dir='ltr'><strong>nam</strong></span> <span class='ocrx_word' id='word_1_162' title='bbox 612 1921 711 1975; x_wconf 84' lang='lat' dir='ltr'><strong>vilibus</strong></span> <span class='ocrx_word' id='word_1_163' title='bbox 729 1923 787 1977; x_wconf 83' lang='lat' dir='ltr'><strong>oris</strong></span> <span class='ocrx_word' id='word_1_164' title='bbox 963 1937 989 1979; x_wconf 70' lang='grc' dir='ltr'><strong>ιε</strong></span> 
     </span>
     <span class='ocr_line' id='line_1_25' title="bbox 133 1996 930 2068; baseline 0.004 -18"><span class='ocrx_word' id='word_1_165' title='bbox 133 1996 159 2050; x_wconf 89' lang='lat' dir='ltr'>N</span> <span class='ocrx_word' id='word_1_166' title='bbox 161 1997 282 2067; x_wconf 85' lang='lat' dir='ltr'><strong>igrisque</strong></span> <span class='ocrx_word' id='word_1_167' title='bbox 298 2001 343 2051; x_wconf 93' lang='lat' dir='ltr'><strong>est</strong></span> <span class='ocrx_word' id='word_1_168' title='bbox 360 1997 428 2052; x_wconf 92' lang='lat' dir='ltr'><strong>oleis</strong></span> <span class='ocrx_word' id='word_1_169' title='bbox 445 1996 528 2051; x_wconf 91' lang='lat' dir='ltr'><strong>hodie</strong></span> <span class='ocrx_word' id='word_1_170' title='bbox 544 1997 627 2051; x_wconf 88' lang='lat' dir='ltr'><strong>loeus.</strong></span> <span class='ocrx_word' id='word_1_171' title='bbox 663 1997 750 2051; x_wconf 85' lang='lat' dir='ltr'><strong>Haud</strong></span> <span class='ocrx_word' id='word_1_172' title='bbox 766 1999 807 2052; x_wconf 88' lang='lat' dir='ltr'><strong>ita</strong></span> <span class='ocrx_word' id='word_1_173' title='bbox 823 1998 930 2068; x_wconf 85' lang='lat' dir='ltr'><strong>pridem</strong></span> 
     </span>
     <span class='ocr_line' id='line_1_26' title="bbox 133 2073 762 2141; baseline 0.003 -15"><span class='ocrx_word' id='word_1_174' title='bbox 133 2073 240 2126; x_wconf 84' lang='lat' dir='ltr'><strong>Galloni</strong></span> <span class='ocrx_word' id='word_1_175' title='bbox 256 2073 397 2141; x_wconf 88' lang='lat' dir='ltr'><strong>praeconis</strong></span> <span class='ocrx_word' id='word_1_176' title='bbox 415 2076 475 2127; x_wconf 88' lang='lat' dir='ltr'><strong>erat</strong></span> <span class='ocrx_word' id='word_1_177' title='bbox 492 2074 650 2141; x_wconf 82' lang='lat' dir='ltr'><strong>acipensere</strong></span> <span class='ocrx_word' id='word_1_178' title='bbox 667 2089 762 2128; x_wconf 89' lang='lat' dir='ltr'><strong>mensa</strong></span> 
     </span>
    </p>

    <p class='ocr_par' dir='ltr' id='par_1_10' title="bbox 132 2146 982 2287">
     <span class='ocr_line' id='line_1_27' title="bbox 133 2146 982 2215; baseline 0.005 -16"><span class='ocrx_word' id='word_1_179' title='bbox 133 2146 254 2200; x_wconf 87' lang='lat' dir='ltr'><strong>Infamis.</strong></span> <span class='ocrx_word' id='word_1_180' title='bbox 290 2147 370 2214; x_wconf 82' lang='lat' dir='ltr'><strong>Quid,</strong></span> <span class='ocrx_word' id='word_1_181' title='bbox 383 2150 448 2201; x_wconf 88' lang='lat' dir='ltr'><strong>tuuc</strong></span> <span class='ocrx_word' id='word_1_182' title='bbox 465 2147 593 2200; x_wconf 88' lang='lat' dir='ltr'><strong>rhombos</strong></span> <span class='ocrx_word' id='word_1_183' title='bbox 611 2147 700 2201; x_wconf 90' lang='lat' dir='ltr'><strong>minus</strong></span> <span class='ocrx_word' id='word_1_184' title='bbox 717 2164 836 2215; x_wconf 89' lang='lat' dir='ltr'><strong>aequora</strong></span> <span class='ocrx_word' id='word_1_185' title='bbox 853 2147 982 2203; x_wconf 83' lang='lat' dir='ltr'><strong>alebanti</strong></span> 
     </span>
     <span class='ocr_line' id='line_1_28' title="bbox 132 2220 778 2287; baseline 0 -13"><span class='ocrx_word' id='word_1_186' title='bbox 132 2220 218 2274; x_wconf 78' lang='lat' dir='ltr'><strong>Tutus</strong></span> <span class='ocrx_word' id='word_1_187' title='bbox 236 2223 296 2275; x_wconf 87' lang='lat' dir='ltr'><strong>erat</strong></span> <span class='ocrx_word' id='word_1_188' title='bbox 313 2220 443 2274; x_wconf 89' lang='lat' dir='ltr'><strong>rhombus</strong></span> <span class='ocrx_word' id='word_1_189' title='bbox 460 2224 576 2287; x_wconf 88' lang='lat' dir='ltr'><strong>tutoque</strong></span> <span class='ocrx_word' id='word_1_190' title='bbox 593 2220 696 2274; x_wconf 89' lang='lat' dir='ltr'><strong>ciconia</strong></span> <span class='ocrx_word' id='word_1_191' title='bbox 713 2222 778 2274; x_wconf 91' lang='lat' dir='ltr'><strong>nido</strong></span> 
     </span>
    </p>

    <p class='ocr_par' dir='ltr' id='par_1_11' title="bbox 132 2294 989 2438">
     <span class='ocr_line' id='line_1_29' title="bbox 132 2294 989 2362; baseline -0.002 -12"><span class='ocrx_word' id='word_1_192' title='bbox 132 2296 226 2350; x_wconf 89' lang='lat' dir='ltr'><strong>Donec</strong></span> <span class='ocrx_word' id='word_1_193' title='bbox 243 2311 291 2348; x_wconf 85' lang='lat' dir='ltr'><strong>vos</strong></span> <span class='ocrx_word' id='word_1_194' title='bbox 308 2297 403 2348; x_wconf 85' lang='lat' dir='ltr'><strong>auctor</strong></span> <span class='ocrx_word' id='word_1_195' title='bbox 421 2294 514 2347; x_wconf 88' lang='lat' dir='ltr'><strong>docuit</strong></span> <span class='ocrx_word' id='word_1_196' title='bbox 530 2294 692 2362; x_wconf 87' lang='lat' dir='ltr'><strong>praetorius.</strong></span> <span class='ocrx_word' id='word_1_197' title='bbox 728 2295 801 2361; x_wconf 82' lang='lat' dir='ltr'><strong>Ergo</strong></span> <span class='ocrx_word' id='word_1_198' title='bbox 963 2322 989 2360; x_wconf 70' lang='lat' dir='ltr'><strong>f„</strong></span> 
     </span>
     <span class='ocr_line' id='line_1_30' title="bbox 132 2368 807 2438; baseline -0.006 -13"><span class='ocrx_word' id='word_1_199' title='bbox 132 2372 162 2425; x_wconf 81' lang='lat' dir='ltr'><strong>si</strong></span> <span class='ocrx_word' id='word_1_200' title='bbox 180 2371 240 2438; x_wconf 87' lang='lat' dir='ltr'><strong>quis</strong></span> <span class='ocrx_word' id='word_1_201' title='bbox 257 2386 329 2423; x_wconf 87' lang='lat' dir='ltr'><strong>nune</strong></span> <span class='ocrx_word' id='word_1_202' title='bbox 346 2385 453 2436; x_wconf 84' lang='lat' dir='ltr'><strong>mergos</strong></span> <span class='ocrx_word' id='word_1_203' title='bbox 471 2384 567 2422; x_wconf 85' lang='lat' dir='ltr'><strong>suaves</strong></span> <span class='ocrx_word' id='word_1_204' title='bbox 585 2368 705 2422; x_wconf 87' lang='lat' dir='ltr'><strong>edixerit</strong></span> <span class='ocrx_word' id='word_1_205' title='bbox 723 2385 807 2435; x_wconf 88' lang='lat' dir='ltr'><strong>assos,</strong></span> 
     </span>
    </p>

    <p class='ocr_par' dir='ltr' id='par_1_12' title="bbox 132 2443 746 2515">
     <span class='ocr_line' id='line_1_31' title="bbox 132 2443 746 2515; baseline -0.002 -16"><span class='ocrx_word' id='word_1_206' title='bbox 132 2446 245 2500; x_wconf 89' lang='lat' dir='ltr'><strong>Parebit</strong></span> <span class='ocrx_word' id='word_1_207' title='bbox 262 2444 340 2515; x_wconf 75' lang='lat' dir='ltr'><strong>pravi</strong></span> <span class='ocrx_word' id='word_1_208' title='bbox 357 2444 452 2498; x_wconf 89' lang='lat' dir='ltr'><strong>docilis</strong></span> <span class='ocrx_word' id='word_1_209' title='bbox 470 2444 593 2498; x_wconf 85' lang='lat' dir='ltr'><strong>Romana</strong></span> <span class='ocrx_word' id='word_1_210' title='bbox 607 2443 746 2510; x_wconf 81' lang='lat' dir='ltr'><strong>juventus.</strong></span> 
     </span>
    </p>

    <p class='ocr_par' dir='ltr' id='par_1_13' title="bbox 132 2517 735 2580">
     <span class='ocr_line' id='line_1_32' title="bbox 132 2517 735 2580; baseline -0.005 -4"><span class='ocrx_word' id='word_1_211' title='bbox 132 2517 264 2576; x_wconf 83' lang='lat' dir='ltr'><strong>¹Sordidus</strong></span> <span class='ocrx_word' id='word_1_212' title='bbox 282 2536 300 2574; x_wconf 88' lang='lat' dir='ltr'><strong>a</strong></span> <span class='ocrx_word' id='word_1_213' title='bbox 316 2519 392 2574; x_wconf 88' lang='lat' dir='ltr'><strong>tenui</strong></span> <span class='ocrx_word' id='word_1_214' title='bbox 410 2520 485 2574; x_wconf 88' lang='lat' dir='ltr'><strong>victu</strong></span> <span class='ocrx_word' id='word_1_215' title='bbox 503 2517 625 2580; x_wconf 84' lang='lat' dir='ltr'><strong>distabit,</strong></span> <span class='ocrx_word' id='word_1_216' title='bbox 644 2518 735 2573; x_wconf 86' lang='lat' dir='ltr'><strong>Ofella</strong></span> 
     </span>
    </p>

    <p class='ocr_par' dir='ltr' id='par_1_14' title="bbox 131 2594 905 2662">
     <span class='ocr_line' id='line_1_33' title="bbox 131 2594 905 2662; baseline -0.003 -11"><span class='ocrx_word' id='word_1_217' title='bbox 131 2598 150 2651; x_wconf 83' lang='lat' dir='ltr'><strong>J</strong></span> <span class='ocrx_word' id='word_1_218' title='bbox 152 2597 249 2662; x_wconf 87' lang='lat' dir='ltr'><strong>udiee;</strong></span> <span class='ocrx_word' id='word_1_219' title='bbox 271 2612 335 2650; x_wconf 88' lang='lat' dir='ltr'><strong>nam</strong></span> <span class='ocrx_word' id='word_1_220' title='bbox 352 2595 455 2649; x_wconf 82' lang='lat' dir='ltr'><strong>frustra</strong></span> <span class='ocrx_word' id='word_1_221' title='bbox 471 2595 568 2650; x_wconf 82' lang='lat' dir='ltr'><strong>vitium</strong></span> <span class='ocrx_word' id='word_1_222' title='bbox 587 2594 715 2649; x_wconf 83' lang='lat' dir='ltr'><strong>vitaveris</strong></span> <span class='ocrx_word' id='word_1_223' title='bbox 732 2595 801 2650; x_wconf 91' lang='lat' dir='ltr'><strong>illud</strong></span> <span class='ocrx_word' id='word_1_224' title='bbox 903 2621 905 2626; x_wconf 94' lang='lat'><em>·</em></span> 
     </span>
    </p>

    <p class='ocr_par' dir='ltr' id='par_1_15' title="bbox 131 2670 781 2742">
     <span class='ocr_line' id='line_1_34' title="bbox 131 2670 781 2742; baseline -0.003 -15"><span class='ocrx_word' id='word_1_225' title='bbox 131 2674 161 2727; x_wconf 82' lang='lat' dir='ltr'><strong>Si</strong></span> <span class='ocrx_word' id='word_1_226' title='bbox 178 2677 208 2728; x_wconf 91' lang='lat' dir='ltr'><strong>te</strong></span> <span class='ocrx_word' id='word_1_227' title='bbox 225 2673 279 2727; x_wconf 86' lang='lat' dir='ltr'><strong>alio</strong></span> <span class='ocrx_word' id='word_1_228' title='bbox 297 2687 412 2742; x_wconf 84' lang='lat' dir='ltr'><strong>pravum</strong></span> <span class='ocrx_word' id='word_1_229' title='bbox 429 2670 585 2726; x_wconf 84' lang='lat' dir='ltr'><strong>detorseris</strong></span> <span class='ocrx_word' id='word_1_230' title='bbox 620 2670 781 2740; x_wconf 83' lang='lat' dir='ltr'><strong>Avidienus,</strong></span> 
     </span>
    </p>

    <p class='ocr_par' dir='ltr' id='par_1_16' title="bbox 131 2748 863 2895">
     <span class='ocr_line' id='line_1_35' title="bbox 131 2748 863 2816; baseline -0.001 -12"><span class='ocrx_word' id='word_1_231' title='bbox 131 2749 183 2804; x_wconf 82' lang='lat' dir='ltr'><strong>Oui</strong></span> <span class='ocrx_word' id='word_1_232' title='bbox 202 2749 284 2803; x_wconf 81' lang='lat' dir='ltr'><strong>Canis</strong></span> <span class='ocrx_word' id='word_1_233' title='bbox 302 2764 338 2804; x_wconf 83' lang='lat' dir='ltr'><strong>ex</strong></span> <span class='ocrx_word' id='word_1_234' title='bbox 354 2765 418 2802; x_wconf 86' lang='lat' dir='ltr'><strong>vero</strong></span> <span class='ocrx_word' id='word_1_235' title='bbox 436 2748 540 2802; x_wconf 90' lang='lat' dir='ltr'><strong>dictum</strong></span> <span class='ocrx_word' id='word_1_236' title='bbox 557 2763 706 2815; x_wconf 83' lang='lat' dir='ltr'><strong>cognomen</strong></span> <span class='ocrx_word' id='word_1_237' title='bbox 724 2748 863 2816; x_wconf 87' lang='lat' dir='ltr'><strong>adhaeret,</strong></span> 
     </span>
     <span class='ocr_line' id='line_1_36' title="bbox 132 2823 785 2895; baseline -0.002 -15"><span class='ocrx_word' id='word_1_238' title='bbox 132 2826 327 2895; x_wconf 82' lang='lat' dir='ltr'><strong>Quinquennes</strong></span> <span class='ocrx_word' id='word_1_239' title='bbox 343 2824 416 2878; x_wconf 88' lang='lat' dir='ltr'><strong>oleas</strong></span> <span class='ocrx_word' id='word_1_240' title='bbox 434 2828 477 2879; x_wconf 92' lang='lat' dir='ltr'><strong>est</strong></span> <span class='ocrx_word' id='word_1_241' title='bbox 495 2828 524 2879; x_wconf 92' lang='lat' dir='ltr'><strong>et</strong></span> <span class='ocrx_word' id='word_1_242' title='bbox 541 2823 678 2879; x_wconf 84' lang='lat' dir='ltr'><strong>silvestria</strong></span> <span class='ocrx_word' id='word_1_243' title='bbox 695 2841 785 2892; x_wconf 88' lang='lat' dir='ltr'><strong>corna,</strong></span> 
     </span>
    </p>

    <p class='ocr_par' dir='ltr' id='par_1_17' title="bbox 132 2899 838 2970">
     <span class='ocr_line' id='line_1_37' title="bbox 132 2899 838 2970; baseline 0 -15"><span class='ocrx_word' id='word_1_244' title='bbox 132 2904 175 2957; x_wconf 91' lang='lat' dir='ltr'><strong>Ac</strong></span> <span class='ocrx_word' id='word_1_245' title='bbox 192 2903 245 2956; x_wconf 88' lang='lat' dir='ltr'><strong>nisi</strong></span> <span class='ocrx_word' id='word_1_246' title='bbox 261 2905 398 2956; x_wconf 89' lang='lat' dir='ltr'><strong>mutatum</strong></span> <span class='ocrx_word' id='word_1_247' title='bbox 414 2901 503 2970; x_wconf 87' lang='lat' dir='ltr'><strong>parcit</strong></span> <span class='ocrx_word' id='word_1_248' title='bbox 520 2899 672 2955; x_wconf 81' lang='lat' dir='ltr'><strong>defundere</strong></span> <span class='ocrx_word' id='word_1_249' title='bbox 689 2901 789 2967; x_wconf 84' lang='lat' dir='ltr'><strong>vinum,</strong></span> <span class='ocrx_word' id='word_1_250' title='bbox 807 2902 838 2955; x_wconf 85' lang='lat' dir='ltr'><strong>et</strong></span> 
     </span>
    </p>

    <p class='ocr_par' dir='ltr' id='par_1_18' title="bbox 132 2975 815 3047">
     <span class='ocr_line' id='line_1_38' title="bbox 132 2975 815 3047; baseline -0.003 -16"><span class='ocrx_word' id='word_1_251' title='bbox 132 2977 218 3047; x_wconf 74' lang='lat' dir='ltr'><strong>Oiijus</strong></span> <span class='ocrx_word' id='word_1_252' title='bbox 235 2978 347 3033; x_wconf 86' lang='lat' dir='ltr'><strong>odorem</strong></span> <span class='ocrx_word' id='word_1_253' title='bbox 364 2977 417 3031; x_wconf 92' lang='lat' dir='ltr'><strong>olei</strong></span> <span class='ocrx_word' id='word_1_254' title='bbox 434 2992 554 3045; x_wconf 88' lang='lat' dir='ltr'><strong>nequeas</strong></span> <span class='ocrx_word' id='word_1_255' title='bbox 572 2976 702 3044; x_wconf 81' lang='lat' dir='ltr'><strong>perferre,</strong></span> <span class='ocrx_word' id='word_1_256' title='bbox 720 2975 815 3030; x_wconf 86' lang='lat' dir='ltr'><strong>licebit</strong></span> 
     </span>
    </p>
   </div>
   <div class='ocr_carea' id='block_1_2' title="bbox 131 3051 984 3188">
    <p class='ocr_par' dir='ltr' id='par_1_19' title="bbox 131 3051 984 3188">
     <span class='ocr_line' id='line_1_39' title="bbox 133 3051 984 3123; baseline -0.002 -18"><span class='ocrx_word' id='word_1_257' title='bbox 133 3053 185 3107; x_wconf 91' lang='lat' dir='ltr'><strong>Ille</strong></span> <span class='ocrx_word' id='word_1_258' title='bbox 203 3055 310 3123; x_wconf 88' lang='lat' dir='ltr'><strong>repotia</strong></span> <span class='ocrx_word' id='word_1_259' title='bbox 326 3053 431 3107; x_wconf 79' lang='lat' dir='ltr'><strong>natales</strong></span> <span class='ocrx_word' id='word_1_260' title='bbox 448 3052 549 3105; x_wconf 84' lang='lat' dir='ltr'><strong>aliosve</strong></span> <span class='ocrx_word' id='word_1_261' title='bbox 567 3051 675 3105; x_wconf 89' lang='lat' dir='ltr'><strong>dierum</strong></span> <span class='ocrx_word' id='word_1_262' title='bbox 959 3073 984 3110; x_wconf 75' lang='grc' dir='ltr'><em>ω</em></span> 
     </span>
     <span class='ocr_line' id='line_1_40' title="bbox 131 3117 788 3188; baseline 0 -17"><span class='ocrx_word' id='word_1_263' title='bbox 131 3117 230 3174; x_wconf 85' lang='lat' dir='ltr'><strong>Festos</strong></span> <span class='ocrx_word' id='word_1_264' title='bbox 247 3123 355 3177; x_wconf 90' lang='lat' dir='ltr'><strong>albatus</strong></span> <span class='ocrx_word' id='word_1_265' title='bbox 372 3122 500 3188; x_wconf 87' lang='lat' dir='ltr'><strong>celebret,</strong></span> <span class='ocrx_word' id='word_1_266' title='bbox 518 3136 602 3173; x_wconf 87' lang='lat' dir='ltr'><strong>cornu</strong></span> <span class='ocrx_word' id='word_1_267' title='bbox 618 3119 678 3188; x_wconf 88' lang='lat' dir='ltr'><strong>ipso</strong></span> <span class='ocrx_word' id='word_1_268' title='bbox 695 3118 788 3173; x_wconf 90' lang='lat' dir='ltr'><strong>bilibri</strong></span> 
     </span>
    </p>
   </div>
   <div class='ocr_carea' id='block_1_3' title="bbox 131 3194 804 3270">
    <p class='ocr_par' dir='ltr' id='par_1_20' title="bbox 131 3194 804 3270">
     <span class='ocr_line' id='line_1_41' title="bbox 131 3194 804 3270; baseline 0.003 -26"><span class='ocrx_word' id='word_1_269' title='bbox 131 3194 261 3250; x_wconf 74' lang='lat' dir='ltr'><strong>caulibus</strong></span> <span class='ocrx_word' id='word_1_270' title='bbox 279 3198 403 3265; x_wconf 86' lang='lat' dir='ltr'><strong>instillat,</strong></span> <span class='ocrx_word' id='word_1_271' title='bbox 421 3196 522 3251; x_wconf 87' lang='lat' dir='ltr'><strong>veteris</strong></span> <span class='ocrx_word' id='word_1_272' title='bbox 539 3211 708 3270; x_wconf 85' lang='lat' dir='ltr'><strong>nonpareus</strong></span> <span class='ocrx_word' id='word_1_273' title='bbox 725 3194 804 3248; x_wconf 82' lang='lat' dir='ltr'><strong>aceti.</strong></span> 
     </span>
    </p>
   </div>
   <div class='ocr_carea' id='block_1_4' title="bbox 0 0 1142 3550">
    <p class='ocr_par' dir='ltr' id='par_1_21' title="bbox 0 0 1142 3550">
     <span class='ocr_line' id='line_1_42' title="bbox 0 0 1142 3550; baseline 0 2"><span class='ocrx_word' id='word_1_274' title='bbox 0 0 1142 3550; x_wconf 95' lang='lat' dir='ltr'><strong> </strong></span> 
     </span>
    </p>
   </div>
  </div>
 </body>
</html>
