2275 3550
437 208 644 258 cannruun
660 209 682 257 1.
702 210 740 258 aa.
983 212 1016 259 aa
1040 181 1048 200 '

300 293 342 347 At
357 290 455 358 vulgus
471 288 587 342 infidum
606 292 634 343 et
652 289 782 342 meretrix
800 295 876 345 retro
991 309 1016 349 25

300 366 415 434 Pcrjura
432 365 513 432 cedit,
533 364 680 432 diffugiunt
697 364 772 417 cadis

334 443 403 498 Cum
420 442 495 495 faece
514 441 621 494 siccatis
638 440 724 504 amici,

369 518 454 572 Ferre
468 516 568 585 jugum
585 516 689 584 pariter
706 516 800 569 dolosi.

300 594 399 648 Sernes
415 593 519 646 iturum
538 592 683 645 Gaesarem
700 591 729 644 in
746 591 857 645 ultimos

301 668 383 723 Orbis
401 665 547 722 Britannos
565 670 594 721 et
608 665 741 734 juvenum
758 682 853 720 recens
992 678 1016 717 ao

335 745 457 798 Examen
476 743 541 796 Eois
558 742 711 795 timendum

370 818 499 873 Partibus
518 817 681 885 Oceanoque
697 816 789 871 rubro.

302 895 380 950 Eheu
397 894 554 948 cicatricum
572 897 602 947 et
620 892 729 946 sceleris
745 891 833 961 pudet

303 971 493 1039 Fratrumque.
530 969 604 1033 Quid
621 985 671 1023 nos
690 967 759 1021 dura
775 967 924 1036 refugimus

337 1047 443 1100 Aetas?
462 1045 530 1114 quid
546 1045 681 1098 intactum
698 1043 797 1098 nefasti
995 1056 1018 1094 ss

371 1121 532 1189 Liquimusl
554 1119 629 1173 unde
646 1136 756 1173 manum
769 1118 902 1186 juventus

304 1195 383 1250 Metu
400 1195 513 1249 deorum
531 1195 685 1248 continuitl
704 1193 803 1262 quibus
879 1215 881 1218 ·

304 1269 431 1339 Pepercit
448 1271 522 1324 arisi
559 1270 583 1322 Ο
601 1270 707 1323 utinam
723 1284 794 1323 nova

338 1345 442 1400 Incude
460 1345 586 1413 diffingas
603 1348 726 1398 recusum
743 1344 772 1397 in

371 1421 543 1489 Massagetas
561 1419 724 1487 Arabasque
740 1419 861 1475 ferrum!
995 1435 1019 1476 so

527 1633 666 1712 xxxva

305 1723 346 1780 Er
361 1722 443 1780 thure
460 1725 489 1779 ct
506 1723 608 1778 fidibus
621 1723 703 1792 juvat

340 1799 452 1854 Placare
470 1803 499 1854 ct
516 1800 596 1853 vituli
611 1799 744 1868 sanguine
762 1799 857 1855 debito

306 1874 441 1930 Custodes
459 1874 597 1928 Numidae
616 1873 689 1942 deos,

340 1949 394 2013 oui
410 1965 483 2003 nunc
501 1948 638 2016 Hesperia
654 1964 747 2018 sospes
764 1947 800 2002 ab
816 1948 914 2003 ultim

307 2023 489 2079 Garis‘multa
506 2022 652 2091 sodalibus,
1011 2038 1024 2077 s

340 2099 417 2153 Nulli
434 2098 513 2167 plura
529 2102 623 2153 tumen
641 2098 741 2153 dividit
757 2097 847 2152 oscula

307 2174 395 2240 Quam
413 2174 486 2228 dulci
505 2174 624 2241 Lamiae,
641 2190 747 2228 memor

342 2252 430 2304 Actae
448 2267 502 2304 non
519 2250 573 2303 alio
589 2266 655 2318 rege
672 2250 797 2319 puertiae

306 2326 487 2394 Mutataeque
505 2325 585 2379 simul
603 2329 690 2393 togae.

255 2446 257 2450 ,
341 2402 439 2456 Cressa
456 2418 491 2455 ne
508 2404 600 2455 careat
617 2401 731 2469 pulchra
748 2400 808 2455 dies
825 2403 898 2468 nota,
1001 2415 1023 2455 ιο

306 2476 370 2532 Neu
380 2480 528 2545 ,promptae
545 2476 644 2530 modus
660 2477 814 2544 amphorae,

341 2549 368 2605 N
369 2569 404 2607 cu
421 2568 525 2606 morem
542 2552 572 2605 in
590 2551 694 2605 Salium
712 2551 749 2605 sit
766 2551 875 2620 requies
892 2550 1002 2619 pedum,

307 2627 371 2682 Neu
386 2627 466 2681 multi
485 2626 608 2681 Damalis
626 2627 694 2680 meri

341 2703 458 2756 Bassum
476 2703 602 2756 Threicia
619 2702 710 2756 vincat
727 2701 868 2771 amystide,

307 2778 370 2832 Neu
387 2778 478 2832 desint
495 2778 584 2846 epulis
601 2793 687 2846 rosae,
1001 2789 1023 2830 15

341 2854 368 2907 N
370 2870 405 2908 en
422 2854 502 2907 vivax
519 2854 620 2921 apium,
637 2870 693 2907 neu
709 2852 794 2908 breve
810 2852 904 2907 lilium

307 2928 409 2982 Omnes
426 2928 455 2981 in
474 2928 601 2982 Damalin
618 2931 714 2996 putres

341 3003 487 3071 Deponent
504 3002 603 3070 oculos,
621 3019 672 3056 nec
690 3001 812 3056 Damalis
828 3016 898 3056 novo

307 3076 460 3133 Divelletur
476 3078 610 3145 adultero,

341 3152 463 3205 Lascivis
479 3152 590 3206 hederis
607 3150 782 3206 ambitiosior.
998 3164 1022 3201 aa
