2275 3550
452 192 670 244 SATIRARUM
685 195 708 243 Ι.
726 198 750 242 4.
978 195 1024 240 115

175 266 256 322 Hunc
273 270 346 339 capit
363 267 469 338 argenti
488 272 630 339 splendor;
648 276 742 341 stupet
761 272 860 326 Albius
877 288 959 337 aere;

98 410 100 414 Ι
174 341 230 396 Hic
246 348 335 398 mutat
352 362 457 399 merces
475 352 605 414 surgente
623 364 640 400 a
657 349 713 401 sole
730 348 767 401 ad
785 364 848 402 eum
866 364 921 416 quo

175 406 341 487 Vespertina
357 424 437 489 tepet
453 423 537 490 regio,
554 423 620 491 quin
637 440 688 491 per
704 424 777 477 mala
793 439 925 492 praeceps
1001 437 1024 478 so

174 493 275 548 Fertur
292 494 334 548 uti
351 496 440 564 pulvis
457 496 586 551 collectus
603 499 720 566 turbine,
738 515 774 551 ne
791 498 859 567 quid
1085 496 1089 506 '

175 569 287 623 Summa
304 571 438 640 deperdat
455 576 582 626 metuens
599 576 647 626 aut
664 574 777 642 ampliet
793 577 825 626 ut
841 589 908 627 rem
941 619 959 637 ,

176 644 278 699 Omnes
296 645 324 698 hi
341 650 470 701 metuunt
486 664 589 716 versus,
606 648 690 702 odere
707 648 808 716 poetas.

141 770 146 780 ,
176 719 321 774 “Foebum
332 721 418 775 habet
429 723 457 775 in
469 739 567 788 cornu3
585 724 664 791 longe
675 724 753 791 fuge:
771 723 919 777 dummodo
931 722 1016 776 risum

176 794 304 852 Excutiat
322 797 373 850 sibi
391 814 445 851 non
463 798 507 852 hic
524 800 650 868 cuiquam
667 803 762 869 parcet
780 798 882 864 amioo;
999 812 1023 853 aa

176 870 213 924 Et
230 872 304 940 quod
321 889 429 942 cunque
446 874 531 928 semel
548 874 651 928 chartis
668 872 785 928 illeverit
803 890 897 928 omnes

176 944 285 1001 Gestiet
299 965 318 1001 a
334 949 413 1002 furno
430 949 579 1003 redeuutes
597 951 666 1003 scire
683 950 798 1019 lacuque

175 1020 213 1074 Ilt
230 1039 329 1090 pueros
346 1027 376 1076 et
392 1025 482 1078 anus.''
520 1025 657 1093 Agedum,
674 1042 762 1093 pauca
779 1026 869 1094 accipe
875 1028 987 1081 ,contra

176 1096 299 1150 Primum
317 1114 367 1165 ego
383 1115 428 1152 me
445 1099 552 1152 illorum
571 1101 696 1154 dederim
714 1100 813 1169 quibus
831 1117 891 1154 esse
908 1100 997 1169 poetis

176 1171 328 1240 Excerpam
345 1190 471 1228 numero:
487 1191 576 1243 neque
594 1176 666 1228 enim
684 1176 845 1229 concludere
862 1191 970 1229 versum
998 1192 1022 1229 ro

176 1246 286 1324 Dixeris
303 1264 362 1301 esse
380 1249 463 1314 satis3
480 1265 570 1317 neque
588 1250 611 1302 si
629 1251 676 1319 qui
694 1250 853 1304 scribat'uti
870 1267 920 1304 nos

175 1321 301 1376 Sermoni
317 1323 456 1392 propiora:
473 1327 555 1391 putes
572 1324 644 1378 hunc
661 1341 720 1378 esse
737 1329 854 1394 potitam.
928 1348 932 1359 ·

176 1397 320 1465 Ingenium
337 1398 380 1452 cui
399 1398 442 1466 sit,
461 1399 504 1452 cui
522 1415 600 1453 mens
617 1400 734 1453 divinior
751 1404 835 1468 atque
853 1416 884 1453 os

174 1473 275 1541 Magna
292 1477 457 1541 sanaturum,
476 1474 525 1527 des
541 1475 658 1528 nominis
675 1476 757 1544 hujus
773 1445 932 1547 honorem.)

174 1549 282 1602 Idcirco
298 1549 409 1617 quidam
427 1550 566 1604 comoedia
582 1567 668 1621 necne
684 1556 781 1618 poema
998 1567 1021 1606 45

174 1625 255 1679 Esset
273 1625 440 1693 quaesivere,
458 1626 531 1694 quod
548 1642 612 1679 acer
629 1618 740 1694 spiritns
758 1643 789 1680 ac
807 1626 848 1680 vis

67 1723 70 1731 ¹
117 1714 120 1719 ¹
173 1700 200 1752 N
202 1716 232 1753 cc
248 1700 339 1754 uerbis
356 1716 408 1754 nec
424 1699 506 1753 rebus
522 1700 601 1768 inest,
618 1702 672 1754 nisi
690 1702 763 1769 quod
780 1702 851 1769 pede
869 1703 944 1755 certo

173 1776 273 1829 Differt
290 1776 408 1830 sermoni
426 1793 515 1829 sermo
532 1793 632 1830 merus.
667 1779 708 1830 At
724 1780 804 1845 pater
822 1776 922 1830 ardens

173 1852 272 1918 Saevit,
289 1851 364 1919 quod
380 1851 524 1904 meretrice
541 1867 626 1919 nepos
644 1852 753 1905 insanus
771 1852 857 1904 amica
992 1910 994 1914 f

173 1926 259 1979 Filius
275 1941 389 1978 uxorem
406 1926 504 1992 grandi
521 1941 584 1978 curn
601 1926 667 1979 dote
683 1929 798 1992 recuset,
998 1944 1021 1983 sa

173 2000 273 2055 Ebrius
290 2004 327 2068 et,
344 2016 471 2067 magnum
490 2000 564 2068 quod
583 2000 709 2067 dedecus,
728 2001 850 2055 ambulet
867 2005 932 2055 aute

172 2077 289 2130 Noctem
307 2091 369 2128 cum
385 2075 497 2129 facibus.
532 2075 674 2145 Numquid
692 2076 857 2144 Pomponius
873 2077 934 2131 istis

172 2152 292 2210 Audiret
308 2151 411 2205 leuiora
427 2154 506 2220 pater
523 2151 547 2204 si
564 2150 688 2205 viveretl
723 2152 797 2219 Ergo

171 2228 234 2281 Non
253 2227 319 2280 satis
339 2230 382 2280 est
399 2226 476 2294 puris
493 2242 602 2280 versum
619 2227 790 2295 perscribere
807 2227 905 2295 verbis,

171 2304 259 2367 Quem
277 2303 300 2355 si
318 2302 457 2369 dissolvas,
475 2303 564 2370 quiris
582 2302 767 2357 stomachetur
785 2302 882 2356 codem
998 2326 1022 2362 55

172 2380 231 2443 Quo
248 2381 409 2447 personatus
426 2381 506 2445 pacto
523 2381 610 2445 pater.
646 2378 699 2431 His
716 2395 767 2446 ego
785 2394 951 2449 quaenunc,

171 2454 244 2509 Olim
261 2470 331 2522 quae
348 2453 458 2521 scripsit
476 2453 605 2521 Lucilius
623 2454 722 2521 eripias
740 2453 763 2506 si
953 2521 958 2529 ἡ

171 2528 664 2598 Temporacertamodosque,etquod
672 2530 747 2597 prius
754 2529 849 2583 ordine
856 2530 970 2586 verbum
977 2537 1021 2586 est

172 2604 312 2659 Posterius
328 2603 419 2673 facias,
436 2620 605 2673 praeponens
623 2604 720 2657 ultima
736 2604 838 2672 primis,

171 2679 197 2732 N
199 2696 233 2733 on
250 2683 283 2732 nt
299 2678 323 2732 si
341 2677 429 2732 solvas
448 2679 620 2747 “Postquam
638 2679 781 2733 Discordia
798 2683 871 2734 tetra

150 2813 152 2816 .
172 2754 241 2807 Belli
258 2755 375 2807 ferratos
392 2757 486 2822 postes
503 2758 652 2823 portasque
670 2754 798 2822 ref1·egit”

172 2828 299 2882 Invenias
317 2829 401 2882 etiam
419 2829 528 2896 disjecti
544 2830 788 2898 membra'pottae.
893 2877 898 2885 .

170 2904 314 2959 Hactenus
330 2903 414 2959 haec:
432 2905 499 2958 alias
512 2904 620 2972 justum
639 2906 675 2958 sit
691 2922 777 2958 necue
795 2909 900 2975 poema,

100 3005 102 3008 v
170 2979 251 3033 Nunc
267 2979 336 3032 illud
354 2983 462 3033 tantum
482 2996 619 3046 quaeram,
637 2980 772 3033 meritone
790 2979 841 3032 tibi
859 2980 895 3032 sit

170 3055 332 3124 Suspectum
350 3040 436 3123 penus
453 3056 504 3108 hoc
522 3035 667 3109 scribendi.
703 3054 809 3108 Sulcius
826 3070 889 3107 acer
1001 3071 1023 3110 os

170 3132 305 3188 Ambulat
322 3134 352 3186 et
371 3130 486 3198 Caprius
503 3131 579 3183 rauci
597 3131 668 3183 male
686 3146 803 3197 cumque
818 3129 925 3197 libellis,

170 3208 289 3326 Magnus
306 3210 425 3275 uterque
443 3206 525 3260 timor
542 3205 712 3270 latronibus;
729 3208 759 3259 at
776 3204 847 3259 bene
865 3206 888 3258 si
906 3204 968 3275 quis

224 3284 239 3328 Ο
