2275 3550
415 241 417 245 »
450 206 530 254 'aas
546 206 707 256 POETIOA.
846 217 849 224 ’
962 205 1009 256 207

161 290 215 355 Qui
232 287 331 343 didicit
348 287 455 357 patriae
473 287 541 355 qnid
560 287 662 342 debeat
679 293 708 343 et
725 288 793 356 quid
810 288 912 356 amicis,

161 365 220 429 Quo
238 365 275 418 sit
293 380 386 417 amore
403 379 510 432 parens,
528 381 583 432 quo
598 365 687 418 frater
701 364 834 417 amandus
851 368 881 418 et
897 364 1003 433 hospes,

161 441 242 505 Quod
260 440 298 495 sit
315 440 468 508 conscripti,
486 440 561 507 quod
575 440 677 507 judicis
695 440 818 507 officium,
837 455 908 508 quae

161 516 259 571 Partes
277 516 307 570 in
325 515 427 570 bellurn
445 515 522 569 missi
541 515 626 582 ducis,
644 515 690 570 ille
708 515 831 584 proiecto
972 540 1007 579 us

161 592 292 648 Reddere
307 607 441 662 personae
458 591 510 645 scit
526 591 716 645 convenientia
732 591 838 659 cuique.

161 667 308 737 Respicere
325 667 466 736 exemplar
480 666 554 721 vitae
570 683 736 735 morumque
743 666 848 734 jubebo

161 742 280 797 Doctum
296 743 463 797 imitatorem
481 745 512 796 et
528 742 604 795 vivas
621 743 683 796 hinc
701 742 806 797 ducere.
818 756 908 803 voces.

162 817 307 872 Interdum
325 818 447 887 speciosa
462 817 529 871 locis
545 822 706 887 morataque
721 822 798 873 recte
833 813 839 828 '

161 893 267 948 Fabula
282 893 383 947 nullius
399 893 515 961 veneris,
532 894 592 948 sine
608 893 730 962 pondere
747 897 777 949 et
793 897 861 962 arte,
978 913 1012 954 aso

160 966 277 1023 Valdins
294 968 414 1023 oblectat
430 969 563 1038 populum
578 970 731 1038 meliusque
749 974 872 1024 moratur

162 1044 250 1110 Quam
267 1060 362 1098 versus
379 1045 474 1113 inopes
491 1061 585 1097 rerum
599 1061 744 1113 nugaeque
760 1061 897 1101 canorae.-

162 1120 253 1174 Graiis
270 1119 418 1188 ingenium,
436 1119 527 1173 Graiis
544 1119 623 1174 dedit
640 1136 687 1173 ore
705 1120 823 1174 rotundo
888 1125 936 1188 ᾖ

162 1196 244 1250 Musa
260 1195 343 1264 loqui,
360 1196 471 1263 praeter
488 1193 599 1247 landem
615 1194 716 1247 nullius
734 1196 829 1250 avaris

162 1270 279 1325 Romani
295 1270 374 1339 pueri
392 1269 479 1337 longis
496 1269 649 1323 rationibus
666 1286 754 1323 assem
783 1279 786 1284 ’
977 1286 1013 1329 sat

162 1346 279 1401 Discunt
296 1346 325 1399 in
342 1348 436 1414 partes
453 1347 564 1398 centum
584 1344 722 1399 diducere.
757 1345 858 1400 “Dicat

162 1424 248 1477 Filius
267 1422 375 1477 Albini:
394 1421 423 1475 Si
442 1422 478 1476 de
496 1422 646 1490 quincunce
662 1425 769 1475 remota
786 1425 829 1475 est

161 1500 257 1567 Uncia
270 1498 338 1567 quid
350 1498 478 1566 superati
503 1497 617 1551 Poteras
629 1497 754 1550 dixisse.''
778 1496 915 1551 “TriensP
933 1497 1010 1552 “Eut

163 1574 233 1628 Rem
250 1573 354 1643 poteris
371 1588 479 1626 servare
496 1574 586 1626 tuam.
616 1571 701 1626 Redit
717 1572 804 1640 uncia,
821 1572 895 1640 quid
905 1573 968 1627 fier

162 1649 291 1704 “Samis''
328 1649 370 1702 At
386 1647 452 1702 haec
471 1646 575 1700 animos
592 1663 695 1715 aerugo
713 1650 743 1700 et
760 1663 826 1700 cura
842 1648 932 1717 peculi
983 1667 1018 1706 330

163 1726 233 1780 Cum
252 1723 335 1780 semel
354 1722 492 1791 imbuerit,
512 1738 653 1792 speramus
671 1722 792 1777 carmina
809 1722 876 1790 fingi

163 1801 248 1855 Posse
266 1798 377 1854 linenda
394 1798 477 1851 cedro
495 1801 526 1851 et
543 1797 599 1850 levi
617 1798 749 1850 servanda
765 1799 909 1866 cupressoi

164 1878 225 1931 Aut
241 1875 375 1945 prodesse
392 1873 488 1926 volunt
506 1875 555 1925 aut
573 1872 710 1925 delectare
728 1875 834 1940 poetae,
956 1892 973 1930 ι

164 1954 225 2007 Aut
243 1950 323 2004 simul
341 1952 372 2003 et
384 1946 507 2015 jucunda
526 1949 556 2000 et
573 1946 673 1999 idonea
690 1945 782 2000 dicere
799 1946 879 2001 vitae.

165 2025 307 2095 Quidquid
324 2023 477 2094 praecipies
495 2026 554 2076 esto
573 2020 673 2090 brevis,
692 2025 725 2075 ut
742 2022 797 2075 etto
816 2021 890 2077 dicta
977 2036 1013 2078 rso

165 2101 322 2171 Percipient
339 2099 423 2153 animi
442 2097 542 2152 dociles
560 2100 727 2164 teneantque
745 2097 856 2162 fideles;

165 2178 253 2231 Omne
271 2188 467 2244 supervacuum
483 2173 564 2242 pleno
583 2172 745 2240 depectere
762 2177 863 2229 manat

166 2253 245 2307 Ficta
261 2249 410 2319 voluptatis
426 2265 508 2304 causa
526 2248 582 2301 sint
598 2248 722 2315 proxima
738 2248 819 2316 veris,

165 2329 192 2383 N
194 2344 225 2383 ec
242 2326 423 2396 quodcunque
440 2323 515 2378 volet
530 2326 626 2392 poscat
643 2321 695 2376 sibi
712 2322 806 2377 fabula
824 2324 905 2390 credi,

165 2404 229 2458 Neu
245 2417 361 2472 pransae
379 2399 489 2453 Lamiae
506 2399 597 2453 vivum
614 2414 732 2467 puerum
747 2399 875 2453 extrahat
891 2400 959 2455 alvo.
978 2418 1014 2458 ao

166 2479 313 2534 Centuriae
332 2476 468 2531 seniorum
486 2475 593 2542 agitant
612 2473 736 2542 expertia
752 2474 848 2544 frugis,

167 2554 239 2608 Celsi
257 2554 436 2623 praetereunt
455 2554 564 2604 austera
582 2552 709 2619 poemata
727 2549 860 2607 Ramnes:

167 2629 255 2682 Omne
272 2628 339 2682 tulit
358 2629 489 2696 punctum
508 2625 556 2694 qni
574 2624 685 2679 miscuit
702 2625 772 2679 utile
788 2626 869 2696 dulci,

166 2703 311 2758 Lectorem
328 2701 490 2755 delectando
507 2701 666 2769 pariterque
682 2701 832 2769 monend03

167 2778 223 2832 Hic
240 2779 330 2831 meret
348 2792 414 2830 aera
431 2774 502 2829 liber
521 2774 621 2839 Sosiis;
639 2774 686 2830 hic
702 2779 732 2828 et
749 2791 825 2829 mare
841 2777 943 2832 transit
980 2794 1016 2836 ars

167 2853 206 2908 Et
223 2853 333 2919 longum
351 2853 416 2905 noto
435 2849 563 2918 scriptori
578 2853 708 2918 prorogat
724 2866 827 2905 aevum

166 2928 238 2984 Sunt
256 2926 357 2980 delicte
373 2927 467 2979 tamen
485 2924 586 2995 quibus
601 2925 736 2993 ignovisse
752 2926 880 2991 velimus;

166 3002 194 3058 N
195 2999 787 3069 amnequechordssonumredditquemvult
793 3017 889 3055 manus
896 3007 925 3056 et
931 3019 1015 3070 mons,

167 3078 350 3145 Poscentiqne
368 3092 480 3144 gravem
498 3092 632 3146 persaepe
650 3076 769 3131 remittit
787 3081 912 3142 acutnm3

166 3153 226 3208 Nec
245 3169 353 3222 semper
370 3153 452 3206 feriet
471 3152 652 3220 quodcunque
671 3151 820 3204 minabitur
839 3168 924 3206 arcus.
981 3166 1016 3207 sto

165 3228 271 3282 Verum
290 3227 338 3281 ubi
356 3228 435 3296 plura
453 3227 543 3282 nitent
560 3228 590 3280 in
607 3228 728 3281 carmine
746 3242 801 3280 non
819 3243 870 3295 ego
888 3226 983 3297 paucis
