2275 3550
443 199 659 249 SATIRARUM
676 201 713 251 Π.
733 203 755 251 3.
971 199 1017 248 137

165 275 354 331 Saturnalibus
371 277 424 332 huc
443 280 541 346 fugIsti.
577 280 689 333 Sobrius
707 295 772 346 ergo
1004 295 1017 333 a

163 349 216 405 Dic
233 353 338 420 aliquid
355 353 467 420 dignum
484 355 636 422 promissis:
655 355 751 423 incipe.
787 354 835 407 Nil
853 357 910 410 est:

163 426 316 494 Culpantur
332 430 435 482 frustra
452 430 553 495 calami,
571 431 778 496 immeritusque
796 429 903 482 laborat
923 482 927 488 ,

163 501 247 556 Iratis
264 507 344 557 natus
361 505 451 573 paries
469 505 511 557 dis
529 509 613 573 atque
630 506 727 574 poetis.

163 577 252 646 Atqui
270 580 362 633 vultus
381 583 441 634 erat
458 580 545 634 multa
563 585 592 634 et
609 581 748 647 praeclara
765 580 822 632 min
858 578 893 633 tis

162 651 192 705 Si
210 669 324 707 vacuum
342 655 436 724 tepido
455 656 572 724 cepisset
589 657 682 710 villula
699 658 781 709 tecto.
995 671 1017 710 11

163 727 298 792 Quorsum
315 731 447 798 pertinuit
465 732 568 800 stipare
587 732 702 785 Platona
719 729 880 796 Menandro,

162 800 287 873 Eupolin,
306 806 507 874 Archilochum,
526 807 641 861 comites
658 806 775 860 educere
792 807 905 860 tantosl

162 877 297 933 Invidiam
315 881 423 948 placare
440 898 520 951 paras
536 883 640 936 virtute
658 881 772 936 relicta‘l

162 953 343 1010 Contemnere
359 958 457 1024 nhiser;
475 959 587 1012 vitanda
604 962 648 1012 est
665 958 789 1027 improba
807 957 885 1011 Siren

161 1028 281 1099 Desidia,
299 1035 348 1086 'aut
367 1034 502 1102 quidquid
520 1034 578 1087 vita
595 1034 707 1087 meliore
724 1034 828 1100 parasti
994 1049 1016 1088 15

161 1102 321 1160 Ponendum
339 1125 426 1176 aequo
443 1110 553 1163 animo.'’
579 1110 638 1162 “Di
655 1113 692 1176 te,
705 1108 879 1175 Damasippe,
891 1108 1014 1177 deaeque

161 1180 266 1235 Verum
284 1182 319 1235 ob
337 1184 478 1238 consilium
496 1185 599 1239 donent
617 1189 734 1238 tonsore.
770 1183 826 1236 Sed
844 1184 919 1237 unde

160 1255 228 1310 Tam
239 1257 310 1311 bene
322 1274 366 1312 me
378 1260 450 1313 nosti
460 1260 484 1314 l’'
507 1261 678 1329 “Postquam
691 1260 778 1313 onmis
786 1275 832 1313 res
841 1275 903 1313 mea
911 1260 930 1313 J
931 1277 1013 1314 annm

160 1333 209 1385 Ad
225 1333 346 1387 medium
363 1335 450 1389 fracta
467 1339 510 1389 est
527 1335 615 1389 aliena
632 1336 742 1404 negotia
759 1352 831 1403 curo,

159 1408 299 1463 Excussae
316 1411 441 1479 propriis.
478 1411 550 1464 Olim
567 1427 631 1464 nam
649 1428 782 1479 quaerere
799 1411 931 1477 amabam,
989 1429 1013 1467 ao

159 1483 219 1548 Quo
237 1486 314 1539 vafer
331 1486 377 1540 ille'
393 1487 478 1555 pedes
495 1486 606 1541 lavisset
625 1487 754 1554 Sisyphus
771 1503 842 1555 aere,

159 1561 232 1623 Quid
249 1560 385 1631 sculptum
403 1563 515 1631 infabre,
534 1563 602 1632 quid
619 1563 710 1617 fusum
728 1562 823 1615 durius
840 1566 914 1618 esset

158 1635 281 1691 Callidus
298 1637 361 1692 huic
379 1640 456 1706 signo
473 1640 607 1709 ponebam
625 1639 709 1693 millia
726 1642 850 1705 centum;

135 1710 263 1767 «Hortos
282 1715 460 1784 egregiasque
479 1714 574 1769 domos
592 1714 741 1768 mercarier
758 1732 827 1767 unus

157 1789 227 1843 Cum
245 1790 320 1843 lucro
337 1807 446 1857 noram3
463 1792 537 1844 unde
554 1792 710 1859 frequentia
727 1791 893 1845 Mercuriale
989 1810 1013 1849 25

158 1863 319 1933 Imposuere
336 1864 403 1917 mihi
420 1882 570 1933 cognomen
588 1866 726 1934 compita.''
763 1866 779 1892 “
787 1865 866 1932 Novi,

158 1940 195 1993 Et
213 1941 297 1993 miror
314 1940 402 1992 morbi
419 1943 566 2009 purgatum
584 1944 612 1994 11
629 1941 709 1994 illius.
745 1940 833 2008 Atqui

158 2015 268 2070 llmouit
284 2018 406 2069 veterem
423 2016 492 2070 mire
509 2033 602 2083 noum,
621 2020 653 2069 ut
672 2015 742 2069 solet
758 2016 787 2068 in
805 2031 852 2069 cor

158 2091 284 2160 Trajecto
301 2091 395 2145 lateris
412 2092 503 2145 miseri
521 2091 651 2159 capitisve
668 2091 768 2157 dolore,

158 2167 199 2221 Ut
216 2167 382 2235 lethargicus
398 2167 443 2220 hic
460 2184 521 2220 cum
539 2168 572 2221 fit
589 2167 664 2235 pugil
682 2171 711 2221 11
728 2166 864 2222 medicum
881 2171 968 2236 urget.
985 2186 1009 2224 ao

158 2242 232 2296 Dum
244 2260 279 2297 ne
292 2243 359 2311 quid
371 2243 458 2296 simile
470 2243 532 2296 huic
545 2245 605 2296 esto
617 2248 649 2296 ut
660 2243 751 2297 libet.”
780 2242 825 2296 “0
843 2244 921 2313 bone,
933 2261 968 2299 ne
979 2249 1009 2300 11

158 2319 321 2384 Frustrere3
338 2318 439 2371 insanis
457 2322 486 2372 et
503 2323 536 2372 tu
553 2318 685 2387 stultique
701 2335 786 2386 prope
804 2335 905 2389 omnes,

157 2395 187 2449 Si
205 2395 272 2464 quid
290 2394 438 2448 Stertinius
455 2395 513 2448 veri
531 2399 632 2463 crepat,
650 2394 724 2447 unde
742 2411 792 2462 ego
808 2395 879 2449 mira
908 2438 913 2447 ,

157 2469 295 2540 Descripsi
313 2469 407 2522 docilis
424 2473 572 2538 praecepta
589 2469 662 2537 haec,
681 2472 806 2536 tempore
824 2486 940 2538 quomo

157 2545 265 2600 Solatus
280 2544 365 2612 jussit
383 2546 533 2614 sapientem
552 2561 665 2614 pascere
682 2544 796 2597 barbam
985 2563 1009 2603 35

157 2623 252 2690 Atque
270 2638 287 2674 a
304 2620 429 2673 Fabricio
446 2637 499 2674 non
517 2621 627 2674 tristem
646 2623 729 2687 ponte
747 2620 856 2675 revorti.
934 2689 937 2694 ι

156 2697 228 2750 Nam
245 2697 317 2750 male
333 2714 364 2750 re
381 2699 460 2764 gesta
477 2713 539 2750 eum
556 2696 654 2749 vellem
672 2695 782 2748 mittere
800 2699 895 2763 operto

88 2774 92 2780 '
155 2770 204 2825 Me
222 2771 311 2839 capite
329 2770 358 2822 in
376 2770 482 2836 flumen,
501 2769 601 2824 dexter
620 2770 702 2824 stetit
717 2774 754 2837 et,
774 2771 846 2824 Cave
863 2772 934 2825 faxis

156 2845 194 2899 Te
213 2846 362 2914 quidquam
378 2846 522 2913 indignum
531 2868 537 2915 ;
555 2846 652 2915 pudor,
664 2845 761 2914 inquit,
773 2850 802 2900 te
819 2847 905 2900 malus
923 2847 1006 2914 angit,

156 2921 269 2975 Insanos
287 2921 334 2989 qui
351 2921 423 2975 inter
440 2938 552 2975 vereare
568 2922 679 2974 insanus
696 2921 798 2976 haberi.
983 2939 1007 2977 11

155 2997 278 3050 Primum
289 3013 353 3050 nam
364 2997 500 3064 inquiram
512 2997 581 3066 quid
593 2998 629 3051 sit
640 2997 748 3051 furere:
766 2997 818 3050 hoc
837 2996 860 3050 si
872 2996 926 3050 erit
937 2996 966 3050 in
977 3001 1007 3051 te

154 3073 218 3126 Solo
236 3073 274 3126 nil
291 3073 369 3126 verbi
385 3088 483 3140 pereas
501 3073 568 3140 quin
586 3073 696 3126 fortiter
714 3072 823 3125 addam.

112 3171 117 3180 ¹
155 3149 243 3212 Quem
261 3148 333 3200 mala
350 3148 468 3200 stultitia
485 3149 515 3201 et
533 3163 721 3217 quemcunque
737 3146 846 3200 inscitia
863 3147 922 3200 veri

155 3224 273 3277 Caecum
291 3223 356 3291 agit,
374 3222 498 3275 insanum
517 3223 661 3292 Chrysippi
679 3222 800 3291 porticus
817 3224 847 3276 et
864 3238 932 3290 grex
