2275 3550
132 185 177 240 lio
404 185 560 235 HORATII
579 187 708 237 FLACOI

130 268 236 323 Verum
253 266 301 321 ubi
318 284 382 322 oves
399 267 480 334 furto,
497 267 593 321 morbo
610 269 715 336 periere
733 268 860 338 capellae,

131 342 214 413 Spem
231 343 346 397 mentita
363 357 448 410 seges,
465 342 516 397 bos
533 346 577 397 est
594 346 706 396 enectus
724 343 834 410 arando,

131 417 257 472 Offensum
274 418 380 471 damnis
397 416 489 471 media
506 417 543 471 de
557 420 641 471 ¹nocte
657 416 790 472 caballum

132 493 241 562 Arripit
258 494 399 561 iratusque
417 490 536 561 Philippi
554 492 645 547 tendit
661 492 698 545 ad
715 494 805 548 aedes.

132 568 220 633 Quem
231 568 310 622 simul
322 567 450 635 adspexit
459 568 586 622 scabrum
594 568 788 637 intonsumque
796 569 946 640 Philippus,
957 590 987 628 so

132 644 271 711 “Durus’'
288 643 336 712 ait,
354 643 479 711 “Voltei
496 644 578 697 nimis
596 647 774 712 attentusque
791 645 894 700 videris

131 715 199 774 Esse
216 719 305 773 mihi.''
335 719 408 772 “Pol
426 736 471 772 me
489 720 627 786 miserum,
644 722 768 788 patrone,
787 736 904 789 vocares,

131 794 160 848 Si
177 795 282 864 velles,''
299 794 397 864 inquit,
415 794 431 821 “
438 811 533 847 verum
550 795 617 847 mihi
635 811 738 863 ponere
754 801 868 851 nomen!

132 870 212 935 Quod
228 874 258 925 te
274 887 324 938 per
343 870 460 924 Genium
478 870 661 938 dextramque
678 870 799 939 deosque
817 872 935 925 Penates

131 944 251 1001 Obsecro
268 950 298 999 et
315 944 444 1012 obtestor,
463 945 537 997 ritae
553 962 599 998 me
616 944 703 998 redde
721 947 827 1014 priori.”
957 961 985 1001 os

131 1020 184 1085 Qui
201 1021 286 1075 semel
303 1020 430 1088 adspexit
447 1023 580 1089 quantum
598 1020 711 1073 dimissa
727 1020 824 1089 petitis

131 1095 285 1164 Praestent,
302 1099 409 1150 mature
426 1095 523 1149 redeat
539 1099 704 1164 repetatque
721 1096 825 1151 relicta

130 1172 226 1228 Metiri
243 1189 273 1232 se
290 1187 427 1242 quemque
444 1187 494 1225 suo
511 1171 621 1225 modulo
638 1187 670 1225 aa
686 1171 759 1240 pede
775 1188 871 1228 rerum
887 1176 939 1232 est.

514 1315 597 1371 v111.

130 1400 221 1457 Onaso
238 1401 358 1469 gaudere
376 1403 406 1454 et
422 1398 492 1453 bene
509 1415 569 1452 rem
585 1415 683 1467 gerere
702 1400 872 1456 Albinovano

129 1475 211 1530 Musa
219 1469 323 1544 ¹rogata
339 1475 420 1541 refer,
438 1474 531 1529 comiti
548 1475 708 1543 scribaeque
726 1475 753 1528 N
755 1477 849 1530 eronis.
870 1525 879 1538 ,

129 1550 159 1605 ei
177 1555 292 1619 quaeret
309 1551 377 1619 quid
393 1566 481 1617 agam,
493 1549 538 1623 die
554 1551 642 1604 multa
659 1554 689 1605 et
702 1551 816 1620 pulchra
830 1552 982 1606 minantem

129 1626 232 1681 Vivere
248 1643 299 1680 neo
316 1629 391 1679 recte
408 1641 459 1678 nec
476 1626 610 1690 suaritor3
627 1625 702 1680 haud
719 1627 784 1696 quia
800 1628 904 1695 mando

130 1702 293 1757 Contuderit
309 1702 380 1755 vites
397 1701 539 1769 oleamque
556 1701 734 1755 momorderit
751 1707 851 1771 aestus,
969 1720 983 1761 o

128 1778 156 1832 N
158 1796 189 1834 ec
206 1780 271 1848 quia
286 1777 441 1847 longinquis
457 1781 611 1830 armentum
628 1781 754 1846 aegrotet
770 1779 799 1831 in
816 1779 903 1848 agris3
930 1836 932 1840 .

129 1854 186 1909 Sed
203 1855 268 1924 quia
282 1856 374 1908 mente
391 1852 481 1906 minus
498 1851 604 1906 validus
622 1869 705 1922 quarn
721 1869 834 1923 corpore
851 1858 912 1909 toto

128 1930 176 1985 Nil
194 1931 290 1985 audire
308 1927 395 1993 velim,
412 1928 451 1981 nil
469 1927 582 1994 discere,
601 1928 675 1997 quod
692 1929 765 1983 leret
781 1945 910 1997 aegrum3

129 2005 207 2061 Fidis
224 2006 346 2061 offendar
362 2004 483 2072 medicis,
501 2004 603 2058 irascar
620 2003 725 2070 amicis,

129 2081 187 2136 Gur
203 2099 247 2136 me
265 2082 372 2134 funesto
390 2082 536 2149 properent
553 2095 647 2133 arcere
663 2084 790 2147 veterum
831 2081 836 2089 '
959 2096 981 2135 ru

129 2157 206 2222 Quae
222 2173 339 2211 nocuere
357 2171 462 2224 sequar,
478 2154 581 2222 fugiam
599 2171 669 2223 quae
685 2156 794 2223 profore
809 2157 935 2224 credam3

128 2233 233 2287 Romae
251 2232 336 2285 Tibur
352 2247 442 2283 amem
459 2233 594 2297 ventosus,
613 2229 714 2284 Tibure
732 2231 854 2286 Romam.

28 2368 32 2376 ‚
128 2308 196 2362 Post
212 2308 280 2361 haec
297 2309 330 2360 ut
346 2305 443 2373 valeat,
461 2321 516 2373 quo
532 2308 613 2372 pacto
631 2321 690 2358 rem
706 2310 787 2373 gerat
804 2312 834 2361 et
849 2324 887 2377 se,

127 2384 169 2439 Ut
186 2383 292 2452 placeat
305 2380 402 2448 juveni
419 2382 580 2447 percontare
597 2382 684 2447 utque
701 2380 813 2435 cohorti.

127 2456 158 2513 Si
175 2459 255 2525 dicet,
275 2457 368 2522 Recte,
385 2455 503 2523 primum
520 2453 649 2522 gaudere,
668 2453 784 2509 subinde
957 2471 981 2512 15

127 2534 307 2601 Praeceptum
324 2530 453 2584 auriculis
469 2529 521 2582 hoc
538 2530 673 2583 instillare
691 2535 843 2589 memento:

126 2610 168 2665 Ut
184 2614 217 2664 tu
233 2609 371 2662 fortunam
388 2606 427 2659 sic
443 2621 493 2659 nos
509 2608 547 2674 te,
566 2605 653 2675 celse,
669 2606 795 2662 feremus

125 2833 284 2900 Summus,
302 2828 407 2899 Claudi,
425 2829 553 2884 nimirum
571 2829 700 2899 intelligit
717 2847 789 2886 nnus

124 2909 227 2973 Quanti
244 2924 288 2961 me
304 2906 403 2970 facias3
420 2922 484 2958 nam
501 2922 562 2959 cum
580 2910 660 2974 rogat
676 2909 706 2960 et
722 2923 804 2975 prece
821 2905 895 2975 cogit

123 2983 232 3038 Scilicet
248 2987 280 3036 ut
297 2981 349 3036 tibi
367 2998 397 3034 se
415 2981 526 3034 laudare
544 2985 574 3035 et
590 2982 702 3035 tradere
719 2998 808 3049 coner,

122 3058 243 3125 Dignum
260 3061 352 3111 mente
370 3057 505 3125 domoque
522 3055 640 3123 legentis
657 3056 771 3109 honesta
789 3056 913 3126 Neronis,

121 3130 238 3186 Munere
255 3150 317 3187 cum
334 3132 410 3199 fungi
427 3132 562 3199 propioris
579 3135 674 3183 censet
691 3131 778 3198 amici,
961 3146 975 3186 e

121 3205 195 3268 Quid
211 3208 312 3274 possim
330 3206 406 3259 ridet
424 3221 455 3258 ac
472 3206 549 3258 novit
566 3221 611 3257 me
628 3204 734 3257 valdius
751 3205 818 3273 ipso.
