<?xml version="1.0" encoding="UTF-8"?>
<!DOCTYPE html PUBLIC "-//W3C//DTD XHTML 1.0 Transitional//EN"
    "http://www.w3.org/TR/xhtml1/DTD/xhtml1-transitional.dtd">
<html xmlns="http://www.w3.org/1999/xhtml" xml:lang="en" lang="en">
 <head>
  <title>
</title>
<meta http-equiv="Content-Type" content="text/html;charset=utf-8" />
  <meta name='ocr-system' content='tesseract 3.04.00' />
  <meta name='ocr-capabilities' content='ocr_page ocr_carea ocr_par ocr_line ocrx_word'/>
</head>
<body>
  <div class='ocr_page' id='page_1' title='image "./quintihoraticfl00maclgoog_0075.png"; bbox 0 0 2275 3550; ppageno 0'>
   <div class='ocr_carea' id='block_1_1' title="bbox 383 184 1020 247">
    <p class='ocr_par' dir='ltr' id='par_1_1' title="bbox 383 184 1020 247">
     <span class='ocr_line' id='line_1_1' title="bbox 383 184 1020 247; baseline 0.006 -13"><span class='ocrx_word' id='word_1_1' title='bbox 383 184 589 235; x_wconf 76' lang='lat' dir='ltr'>CARMINUM</span> <span class='ocrx_word' id='word_1_2' title='bbox 605 186 659 236; x_wconf 93' lang='lat' dir='ltr'><strong>III.</strong></span> <span class='ocrx_word' id='word_1_3' title='bbox 678 188 717 246; x_wconf 72' lang='lat'><strong>22,</strong></span> <span class='ocrx_word' id='word_1_4' title='bbox 736 188 775 247; x_wconf 84' lang='lat'><strong>23,</strong></span> <span class='ocrx_word' id='word_1_5' title='bbox 793 189 834 237; x_wconf 80' lang='lat'><strong>24.</strong></span> <span class='ocrx_word' id='word_1_6' title='bbox 993 203 1020 247; x_wconf 73' lang='lat'><strong>61</strong></span> 
     </span>
    </p>
   </div>
   <div class='ocr_carea' id='block_1_2' title="bbox 556 340 654 397">
    <p class='ocr_par' dir='ltr' id='par_1_2' title="bbox 556 340 654 397">
     <span class='ocr_line' id='line_1_2' title="bbox 556 340 654 397; baseline 0.031 -3"><span class='ocrx_word' id='word_1_7' title='bbox 556 340 654 397; x_wconf 85' lang='lat' dir='ltr'>XXII.</span> 
     </span>
    </p>
   </div>
   <div class='ocr_carea' id='block_1_3' title="bbox 317 424 898 794">
    <p class='ocr_par' dir='ltr' id='par_1_3' title="bbox 317 424 898 493">
     <span class='ocr_line' id='line_1_3' title="bbox 317 424 898 493; baseline 0.002 -15"><span class='ocrx_word' id='word_1_8' title='bbox 317 424 456 478; x_wconf 76' lang='lat' dir='ltr'><strong>Mosnwn</strong></span> <span class='ocrx_word' id='word_1_9' title='bbox 473 427 566 477; x_wconf 89' lang='lat' dir='ltr'><strong>custos</strong></span> <span class='ocrx_word' id='word_1_10' title='bbox 582 440 786 492; x_wconf 84' lang='lat' dir='ltr'><strong>nemorumque,</strong></span> <span class='ocrx_word' id='word_1_11' title='bbox 805 425 898 493; x_wconf 82' lang='lat' dir='ltr'><strong>Virgo,</strong></span> 
     </span>
    </p>

    <p class='ocr_par' dir='ltr' id='par_1_4' title="bbox 318 499 785 569">
     <span class='ocr_line' id='line_1_4' title="bbox 318 499 785 569; baseline -0.002 -16"><span class='ocrx_word' id='word_1_12' title='bbox 318 500 395 564; x_wconf 84' lang='lat' dir='ltr'>Quae</span> <span class='ocrx_word' id='word_1_13' title='bbox 411 499 567 553; x_wconf 78' lang='lat' dir='ltr'><strong>laborantes</strong></span> <span class='ocrx_word' id='word_1_14' title='bbox 584 503 664 553; x_wconf 87' lang='lat' dir='ltr'><strong>utero</strong></span> <span class='ocrx_word' id='word_1_15' title='bbox 680 500 785 569; x_wconf 88' lang='lat' dir='ltr'><strong>puellas</strong></span> 
     </span>
    </p>

    <p class='ocr_par' dir='ltr' id='par_1_5' title="bbox 317 574 829 716">
     <span class='ocr_line' id='line_1_5' title="bbox 317 574 829 644; baseline 0 -15"><span class='ocrx_word' id='word_1_16' title='bbox 317 575 372 629; x_wconf 81' lang='lat' dir='ltr'><strong>Ter</strong></span> <span class='ocrx_word' id='word_1_17' title='bbox 388 579 484 628; x_wconf 83' lang='lat' dir='ltr'><strong>vocata</strong></span> <span class='ocrx_word' id='word_1_18' title='bbox 502 575 581 628; x_wconf 87' lang='lat' dir='ltr'><strong>audis</strong></span> <span class='ocrx_word' id='word_1_19' title='bbox 598 574 750 643; x_wconf 75' lang='lat' dir='ltr'><strong>adimisque</strong></span> <span class='ocrx_word' id='word_1_20' title='bbox 766 574 829 644; x_wconf 86' lang='lat' dir='ltr'><strong>leto,</strong></span> 
     </span>
     <span class='ocr_line' id='line_1_6' title="bbox 352 648 582 716; baseline -0.004 -13"><span class='ocrx_word' id='word_1_21' title='bbox 352 648 424 703; x_wconf 85' lang='lat' dir='ltr'><strong>Diva</strong></span> <span class='ocrx_word' id='word_1_22' title='bbox 440 650 582 716; x_wconf 81' lang='lat' dir='ltr'><strong>triformis,</strong></span> 
     </span>
    </p>

    <p class='ocr_par' dir='ltr' id='par_1_6' title="bbox 317 725 810 794">
     <span class='ocr_line' id='line_1_7' title="bbox 317 725 810 794; baseline -0.002 -13"><span class='ocrx_word' id='word_1_23' title='bbox 317 725 468 781; x_wconf 89' lang='lat' dir='ltr'><strong>Imminens</strong></span> <span class='ocrx_word' id='word_1_24' title='bbox 485 725 565 778; x_wconf 83' lang='lat' dir='ltr'><strong>villae</strong></span> <span class='ocrx_word' id='word_1_25' title='bbox 581 729 631 778; x_wconf 88' lang='lat' dir='ltr'><strong>tua</strong></span> <span class='ocrx_word' id='word_1_26' title='bbox 646 726 727 794; x_wconf 81' lang='lat' dir='ltr'><strong>pinus</strong></span> <span class='ocrx_word' id='word_1_27' title='bbox 744 729 810 792; x_wconf 85' lang='lat' dir='ltr'><strong>este,</strong></span> 
     </span>
    </p>
   </div>
   <div class='ocr_carea' id='block_1_4' title="bbox 231 801 902 868">
    <p class='ocr_par' dir='ltr' id='par_1_7' title="bbox 231 801 902 868">
     <span class='ocr_line' id='line_1_8' title="bbox 231 801 902 868; baseline 0.006 -16"><span class='ocrx_word' id='word_1_28' title='bbox 231 832 236 839; x_wconf 83' lang='lat'><strong>·</strong></span> <span class='ocrx_word' id='word_1_29' title='bbox 317 801 406 865; x_wconf 84' lang='lat' dir='ltr'><strong>Quam</strong></span> <span class='ocrx_word' id='word_1_30' title='bbox 422 817 473 868; x_wconf 89' lang='lat' dir='ltr'><strong>per</strong></span> <span class='ocrx_word' id='word_1_31' title='bbox 490 803 602 854; x_wconf 86' lang='lat' dir='ltr'><strong>exactos</strong></span> <span class='ocrx_word' id='word_1_32' title='bbox 618 817 670 868; x_wconf 84' lang='lat' dir='ltr'><strong>ego</strong></span> <span class='ocrx_word' id='word_1_33' title='bbox 687 801 776 856; x_wconf 84' lang='lat' dir='ltr'><strong>laetus</strong></span> <span class='ocrx_word' id='word_1_34' title='bbox 793 818 877 855; x_wconf 84' lang='lat' dir='ltr'><strong>annos</strong></span> <span class='ocrx_word' id='word_1_35' title='bbox 899 830 902 834; x_wconf 21' lang='grc' dir='ltr'><strong>Δ</strong></span> 
     </span>
    </p>
   </div>
   <div class='ocr_carea' id='block_1_5' title="bbox 316 875 848 1019">
    <p class='ocr_par' dir='ltr' id='par_1_8' title="bbox 316 875 848 1019">
     <span class='ocr_line' id='line_1_9' title="bbox 316 875 848 944; baseline 0.004 -16"><span class='ocrx_word' id='word_1_36' title='bbox 316 875 412 929; x_wconf 83' lang='lat' dir='ltr'><strong>Verris</strong></span> <span class='ocrx_word' id='word_1_37' title='bbox 430 876 569 944; x_wconf 86' lang='lat' dir='ltr'><strong>obliquum</strong></span> <span class='ocrx_word' id='word_1_38' title='bbox 587 876 747 932; x_wconf 86' lang='lat' dir='ltr'><strong>meditantis</strong></span> <span class='ocrx_word' id='word_1_39' title='bbox 763 877 848 931; x_wconf 87' lang='lat' dir='ltr'><strong>ictum</strong></span> 
     </span>
     <span class='ocr_line' id='line_1_10' title="bbox 346 951 606 1019; baseline 0 -13"><span class='ocrx_word' id='word_1_40' title='bbox 346 951 482 1019; x_wconf 79' lang='lat' dir='ltr'><strong>Sanguine</strong></span> <span class='ocrx_word' id='word_1_41' title='bbox 499 951 606 1006; x_wconf 85' lang='lat' dir='ltr'><strong>donem.</strong></span> 
     </span>
    </p>
   </div>
   <div class='ocr_carea' id='block_1_6' title="bbox 548 1092 669 1157">
    <p class='ocr_par' dir='ltr' id='par_1_9' title="bbox 548 1092 669 1157">
     <span class='ocr_line' id='line_1_11' title="bbox 548 1092 669 1157; baseline 0.008 -12"><span class='ocrx_word' id='word_1_42' title='bbox 548 1092 669 1157; x_wconf 71' lang='lat' dir='ltr'>XXIII:</span> 
     </span>
    </p>
   </div>
   <div class='ocr_carea' id='block_1_7' title="bbox 240 1168 843 2676">
    <p class='ocr_par' dir='ltr' id='par_1_10' title="bbox 240 1168 843 2676">
     <span class='ocr_line' id='line_1_12' title="bbox 318 1168 807 1243; baseline 0.002 -16"><span class='ocrx_word' id='word_1_43' title='bbox 318 1171 411 1228; x_wconf 77' lang='lat' dir='ltr'><strong>omno</strong></span> <span class='ocrx_word' id='word_1_44' title='bbox 429 1175 539 1243; x_wconf 88' lang='lat' dir='ltr'><strong>supinas</strong></span> <span class='ocrx_word' id='word_1_45' title='bbox 556 1175 581 1227; x_wconf 87' lang='lat' dir='ltr'><strong>si</strong></span> <span class='ocrx_word' id='word_1_46' title='bbox 597 1168 807 1228; x_wconf 81' lang='lat' dir='ltr'><strong>tuleris&#39;manus</strong></span> 
     </span>
     <span class='ocr_line' id='line_1_13' title="bbox 317 1248 816 1317; baseline -0.004 -13"><span class='ocrx_word' id='word_1_47' title='bbox 317 1248 454 1304; x_wconf 81' lang='lat' dir='ltr'><strong>Nasceute</strong></span> <span class='ocrx_word' id='word_1_48' title='bbox 471 1250 556 1317; x_wconf 85' lang='lat' dir='ltr'><strong>Luna,</strong></span> <span class='ocrx_word' id='word_1_49' title='bbox 573 1250 676 1303; x_wconf 87' lang='lat' dir='ltr'><strong>rustica</strong></span> <span class='ocrx_word' id='word_1_50' title='bbox 694 1248 816 1317; x_wconf 81' lang='lat' dir='ltr'><strong>Phidyle,</strong></span> 
     </span>
     <span class='ocr_line' id='line_1_14' title="bbox 351 1325 764 1394; baseline -0.007 -14"><span class='ocrx_word' id='word_1_51' title='bbox 351 1325 381 1380; x_wconf 78' lang='lat' dir='ltr'><strong>si</strong></span> <span class='ocrx_word' id='word_1_52' title='bbox 398 1326 480 1379; x_wconf 89' lang='lat' dir='ltr'><strong>thure</strong></span> <span class='ocrx_word' id='word_1_53' title='bbox 497 1326 614 1394; x_wconf 83' lang='lat' dir='ltr'><strong>placaris</strong></span> <span class='ocrx_word' id='word_1_54' title='bbox 630 1329 661 1379; x_wconf 89' lang='lat' dir='ltr'><strong>et</strong></span> <span class='ocrx_word' id='word_1_55' title='bbox 677 1325 764 1379; x_wconf 87' lang='lat' dir='ltr'><strong>horna</strong></span> 
     </span>
     <span class='ocr_line' id='line_1_15' title="bbox 385 1399 839 1469; baseline 0 -16"><span class='ocrx_word' id='word_1_56' title='bbox 385 1401 476 1468; x_wconf 79' lang='lat' dir='ltr'><strong>Finge</strong></span> <span class='ocrx_word' id='word_1_57' title='bbox 494 1401 581 1454; x_wconf 87' lang='lat' dir='ltr'><strong>Lares</strong></span> <span class='ocrx_word' id='word_1_58' title='bbox 597 1399 732 1469; x_wconf 62' lang='lat' dir='ltr'><strong>evicimus</strong></span> <span class='ocrx_word' id='word_1_59' title='bbox 749 1415 839 1468; x_wconf 87' lang='lat' dir='ltr'><strong>porca,</strong></span> 
     </span>
     <span class='ocr_line' id='line_1_16' title="bbox 315 1475 831 1543; baseline -0.002 -14"><span class='ocrx_word' id='word_1_60' title='bbox 315 1475 342 1529; x_wconf 86' lang='lat' dir='ltr'>N</span> <span class='ocrx_word' id='word_1_61' title='bbox 344 1492 375 1529; x_wconf 90' lang='lat' dir='ltr'><strong>ec</strong></span> <span class='ocrx_word' id='word_1_62' title='bbox 391 1476 566 1543; x_wconf 79' lang='lat' dir='ltr'><strong>pestilentem</strong></span> <span class='ocrx_word' id='word_1_63' title='bbox 584 1476 687 1530; x_wconf 79' lang='lat' dir='ltr'><strong>sentiet</strong></span> <span class='ocrx_word' id='word_1_64' title='bbox 705 1475 831 1530; x_wconf 79' lang='lat' dir='ltr'><strong>Africum</strong></span> 
     </span>
     <span class='ocr_line' id='line_1_17' title="bbox 316 1551 829 1618; baseline -0.004 -12"><span class='ocrx_word' id='word_1_65' title='bbox 316 1552 445 1606; x_wconf 80' lang='lat' dir='ltr'><strong>Fecunda</strong></span> <span class='ocrx_word' id='word_1_66' title='bbox 462 1551 527 1606; x_wconf 80' lang='lat' dir='ltr'><strong>vitis</strong></span> <span class='ocrx_word' id='word_1_67' title='bbox 543 1567 595 1605; x_wconf 90' lang='lat' dir='ltr'><strong>nec</strong></span> <span class='ocrx_word' id='word_1_68' title='bbox 611 1551 733 1605; x_wconf 77' lang='lat' dir='ltr'><strong>steiilem</strong></span> <span class='ocrx_word' id='word_1_69' title='bbox 750 1566 829 1618; x_wconf 83' lang='lat' dir='ltr'><strong>seges</strong></span> 
     </span>
     <span class='ocr_line' id='line_1_18' title="bbox 349 1626 808 1695; baseline -0.002 -14"><span class='ocrx_word' id='word_1_70' title='bbox 349 1627 511 1695; x_wconf 83' lang='lat' dir='ltr'><strong>Robiginem</strong></span> <span class='ocrx_word' id='word_1_71' title='bbox 528 1630 578 1682; x_wconf 87' lang='lat' dir='ltr'><strong>aut</strong></span> <span class='ocrx_word' id='word_1_72' title='bbox 595 1627 689 1681; x_wconf 86' lang='lat' dir='ltr'><strong>dulces</strong></span> <span class='ocrx_word' id='word_1_73' title='bbox 705 1626 808 1680; x_wconf 80' lang='lat' dir='ltr'><strong>alumni</strong></span> 
     </span>
     <span class='ocr_line' id='line_1_19' title="bbox 384 1703 843 1771; baseline 0 -15"><span class='ocrx_word' id='word_1_74' title='bbox 384 1703 520 1756; x_wconf 86' lang='lat' dir='ltr'><strong>Pomifero</strong></span> <span class='ocrx_word' id='word_1_75' title='bbox 536 1719 621 1770; x_wconf 73' lang='lat' dir='ltr'><strong>gaave</strong></span> <span class='ocrx_word' id='word_1_76' title='bbox 639 1707 748 1771; x_wconf 88' lang='lat' dir='ltr'><strong>tempus</strong></span> <span class='ocrx_word' id='word_1_77' title='bbox 765 1716 843 1756; x_wconf 85' lang='lat' dir='ltr'><strong>anno.</strong></span> 
     </span>
     <span class='ocr_line' id='line_1_20' title="bbox 240 1773 837 1848; baseline -0.002 -16"><span class='ocrx_word' id='word_1_78' title='bbox 240 1773 245 1783; x_wconf 84' lang='lat'>&#39;</span> <span class='ocrx_word' id='word_1_79' title='bbox 314 1777 387 1833; x_wconf 88' lang='lat' dir='ltr'><strong>Nam</strong></span> <span class='ocrx_word' id='word_1_80' title='bbox 405 1796 476 1847; x_wconf 89' lang='lat' dir='ltr'><strong>quae</strong></span> <span class='ocrx_word' id='word_1_81' title='bbox 493 1779 576 1832; x_wconf 87' lang='lat' dir='ltr'><strong>nivali</strong></span> <span class='ocrx_word' id='word_1_82' title='bbox 594 1780 715 1848; x_wconf 87' lang='lat' dir='ltr'><strong>pascitur</strong></span> <span class='ocrx_word' id='word_1_83' title='bbox 734 1778 837 1845; x_wconf 84' lang='lat' dir='ltr'><strong>Algido</strong></span> 
     </span>
     <span class='ocr_line' id='line_1_21' title="bbox 315 1853 785 1923; baseline -0.006 -15"><span class='ocrx_word' id='word_1_84' title='bbox 315 1853 424 1909; x_wconf 84' lang='lat' dir='ltr'><strong>Devota</strong></span> <span class='ocrx_word' id='word_1_85' title='bbox 440 1870 556 1923; x_wconf 87' lang='lat' dir='ltr'><strong>quercus</strong></span> <span class='ocrx_word' id='word_1_86' title='bbox 573 1854 647 1906; x_wconf 85' lang='lat' dir='ltr'><strong>inter</strong></span> <span class='ocrx_word' id='word_1_87' title='bbox 663 1857 693 1908; x_wconf 91' lang='lat' dir='ltr'><strong>et</strong></span> <span class='ocrx_word' id='word_1_88' title='bbox 709 1853 785 1905; x_wconf 84' lang='lat' dir='ltr'><strong>ilices</strong></span> 
     </span>
     <span class='ocr_line' id='line_1_22' title="bbox 350 1927 820 1984; baseline -0.006 0"><span class='ocrx_word' id='word_1_89' title='bbox 350 1933 412 1984; x_wconf 88' lang='lat' dir='ltr'><strong>Aut</strong></span> <span class='ocrx_word' id='word_1_90' title='bbox 428 1929 528 1982; x_wconf 87' lang='lat' dir='ltr'><strong>crescit</strong></span> <span class='ocrx_word' id='word_1_91' title='bbox 546 1928 663 1983; x_wconf 88' lang='lat' dir='ltr'><strong>Albanis</strong></span> <span class='ocrx_word' id='word_1_92' title='bbox 680 1928 709 1980; x_wconf 89' lang='lat' dir='ltr'><strong>in</strong></span> <span class='ocrx_word' id='word_1_93' title='bbox 725 1927 820 1981; x_wconf 79' lang='lat' dir='ltr'><strong>herbis</strong></span> 
     </span>
     <span class='ocr_line' id='line_1_23' title="bbox 384 2004 810 2072; baseline -0.002 -15"><span class='ocrx_word' id='word_1_94' title='bbox 384 2005 507 2058; x_wconf 79' lang='lat' dir='ltr'><strong>Victima</strong></span> <span class='ocrx_word' id='word_1_95' title='bbox 523 2004 683 2072; x_wconf 83' lang='lat' dir='ltr'><strong>pontificum</strong></span> <span class='ocrx_word' id='word_1_96' title='bbox 700 2018 810 2056; x_wconf 86' lang='lat' dir='ltr'><strong>secures</strong></span> 
     </span>
     <span class='ocr_line' id='line_1_24' title="bbox 285 2073 804 2147; baseline -0.006 -13"><span class='ocrx_word' id='word_1_97' title='bbox 285 2139 290 2146; x_wconf 58' lang='grc'><em>,</em></span> <span class='ocrx_word' id='word_1_98' title='bbox 316 2079 429 2134; x_wconf 68' lang='lat' dir='ltr'><strong>cervice</strong></span> <span class='ocrx_word' id='word_1_99' title='bbox 444 2073 553 2147; x_wconf 78' lang='lat' dir='ltr'><strong>tinget:</strong></span> <span class='ocrx_word' id='word_1_100' title='bbox 571 2079 686 2141; x_wconf 75' lang='lat' dir='ltr'><strong>tenihil</strong></span> <span class='ocrx_word' id='word_1_101' title='bbox 701 2078 804 2132; x_wconf 86' lang='lat' dir='ltr'><strong>attinet</strong></span> 
     </span>
     <span class='ocr_line' id='line_1_25' title="bbox 270 2153 812 2224; baseline -0.004 -14"><span class='ocrx_word' id='word_1_102' title='bbox 270 2215 273 2224; x_wconf 59' lang='grc'>,</span> <span class='ocrx_word' id='word_1_103' title='bbox 316 2156 435 2210; x_wconf 81' lang='lat' dir='ltr'><strong>Tentare</strong></span> <span class='ocrx_word' id='word_1_104' title='bbox 451 2155 539 2209; x_wconf 88' lang='lat' dir='ltr'><strong>multa</strong></span> <span class='ocrx_word' id='word_1_105' title='bbox 555 2154 640 2209; x_wconf 81' lang='lat' dir='ltr'><strong>caede</strong></span> <span class='ocrx_word' id='word_1_106' title='bbox 656 2153 812 2208; x_wconf 84' lang='lat' dir='ltr'><strong>bidentium</strong></span> 
     </span>
     <span class='ocr_line' id='line_1_26' title="bbox 351 2226 766 2285; baseline -0.01 0"><span class='ocrx_word' id='word_1_107' title='bbox 351 2230 454 2285; x_wconf 79' lang='lat' dir='ltr'><strong>Parvos</strong></span> <span class='ocrx_word' id='word_1_108' title='bbox 470 2226 645 2285; x_wconf 85' lang='lat' dir='ltr'><strong>coronantem</strong></span> <span class='ocrx_word' id='word_1_109' title='bbox 661 2229 766 2282; x_wconf 86' lang='lat' dir='ltr'><strong>marino</strong></span> 
     </span>
     <span class='ocr_line' id='line_1_27' title="bbox 384 2305 817 2374; baseline 0.002 -15"><span class='ocrx_word' id='word_1_110' title='bbox 384 2305 458 2360; x_wconf 76' lang='lat' dir='ltr'><strong>ltere</strong></span> <span class='ocrx_word' id='word_1_111' title='bbox 475 2306 542 2359; x_wconf 89' lang='lat' dir='ltr'><strong>deos</strong></span> <span class='ocrx_word' id='word_1_112' title='bbox 558 2305 704 2374; x_wconf 76' lang='lat' dir='ltr'><strong>fragilique</strong></span> <span class='ocrx_word' id='word_1_113' title='bbox 721 2307 817 2373; x_wconf 73' lang='lat' dir='ltr'><strong>myrto.</strong></span> 
     </span>
     <span class='ocr_line' id='line_1_28' title="bbox 317 2380 817 2447; baseline -0.002 -13"><span class='ocrx_word' id='word_1_114' title='bbox 317 2382 450 2435; x_wconf 89' lang='lat' dir='ltr'><strong>Immunis</strong></span> <span class='ocrx_word' id='word_1_115' title='bbox 467 2398 543 2435; x_wconf 83' lang='lat' dir='ltr'><strong>aram</strong></span> <span class='ocrx_word' id='word_1_116' title='bbox 561 2381 585 2434; x_wconf 85' lang='lat' dir='ltr'><strong>si</strong></span> <span class='ocrx_word' id='word_1_117' title='bbox 602 2380 696 2447; x_wconf 85' lang='lat' dir='ltr'><strong>tetigit</strong></span> <span class='ocrx_word' id='word_1_118' title='bbox 712 2396 817 2447; x_wconf 88' lang='lat' dir='ltr'><strong>manus,</strong></span> 
     </span>
     <span class='ocr_line' id='line_1_29' title="bbox 247 2455 806 2526; baseline -0.004 -15"><span class='ocrx_word' id='word_1_119' title='bbox 247 2517 250 2526; x_wconf 23' lang='grc' dir='ltr'><strong><em>Δ</em></strong></span> <span class='ocrx_word' id='word_1_120' title='bbox 317 2457 344 2511; x_wconf 84' lang='lat' dir='ltr'>N</span> <span class='ocrx_word' id='word_1_121' title='bbox 345 2474 381 2511; x_wconf 93' lang='lat' dir='ltr'><strong>on</strong></span> <span class='ocrx_word' id='word_1_122' title='bbox 398 2461 558 2525; x_wconf 84' lang='lat' dir='ltr'><strong>sumptuosa</strong></span> <span class='ocrx_word' id='word_1_123' title='bbox 574 2455 700 2509; x_wconf 87' lang='lat' dir='ltr'><strong>blandior</strong></span> <span class='ocrx_word' id='word_1_124' title='bbox 716 2455 806 2526; x_wconf 88' lang='lat' dir='ltr'><strong>hostia</strong></span> 
     </span>
     <span class='ocr_line' id='line_1_30' title="bbox 351 2531 734 2602; baseline -0.005 -16"><span class='ocrx_word' id='word_1_125' title='bbox 351 2533 470 2586; x_wconf 86' lang='lat' dir='ltr'><strong>Mollivit</strong></span> <span class='ocrx_word' id='word_1_126' title='bbox 487 2548 598 2586; x_wconf 85' lang='lat' dir='ltr'><strong>aversos</strong></span> <span class='ocrx_word' id='word_1_127' title='bbox 610 2531 734 2602; x_wconf 85' lang='lat' dir='ltr'><strong>¹Penates</strong></span> 
     </span>
     <span class='ocr_line' id='line_1_31' title="bbox 385 2605 805 2676; baseline -0.002 -14"><span class='ocrx_word' id='word_1_128' title='bbox 385 2607 470 2662; x_wconf 83' lang='lat' dir='ltr'><strong>Ferre</strong></span> <span class='ocrx_word' id='word_1_129' title='bbox 486 2608 532 2676; x_wconf 90' lang='lat' dir='ltr'><strong>pio</strong></span> <span class='ocrx_word' id='word_1_130' title='bbox 550 2611 580 2662; x_wconf 89' lang='lat' dir='ltr'><strong>et</strong></span> <span class='ocrx_word' id='word_1_131' title='bbox 597 2606 711 2660; x_wconf 86' lang='lat' dir='ltr'><strong>saliente</strong></span> <span class='ocrx_word' id='word_1_132' title='bbox 727 2605 805 2661; x_wconf 77' lang='lat' dir='ltr'><strong>mica</strong></span> 
     </span>
    </p>
   </div>
   <div class='ocr_carea' id='block_1_8' title="bbox 317 2746 1031 3263">
    <p class='ocr_par' dir='ltr' id='par_1_11' title="bbox 317 2746 1031 3263">
     <span class='ocr_line' id='line_1_32' title="bbox 556 2746 664 2802; baseline -0.009 0"><span class='ocrx_word' id='word_1_133' title='bbox 556 2746 664 2802; x_wconf 87' lang='lat' dir='ltr'>XXIV.</span> 
     </span>
     <span class='ocr_line' id='line_1_33' title="bbox 318 2829 621 2899; baseline -0.013 -13"><span class='ocrx_word' id='word_1_134' title='bbox 318 2831 447 2887; x_wconf 69' lang='lat' dir='ltr'><strong>Issicus</strong></span> <span class='ocrx_word' id='word_1_135' title='bbox 464 2829 621 2899; x_wconf 87' lang='lat' dir='ltr'><strong>opulentior</strong></span> 
     </span>
     <span class='ocr_line' id='line_1_34' title="bbox 350 2901 913 2961; baseline -0.009 -1"><span class='ocrx_word' id='word_1_136' title='bbox 350 2906 494 2961; x_wconf 62' lang='lat' dir='ltr'><strong>thesauris</strong></span> <span class='ocrx_word' id='word_1_137' title='bbox 512 2904 639 2958; x_wconf 86' lang='lat' dir='ltr'><strong>Arabum</strong></span> <span class='ocrx_word' id='word_1_138' title='bbox 656 2906 686 2957; x_wconf 88' lang='lat' dir='ltr'><strong>et</strong></span> <span class='ocrx_word' id='word_1_139' title='bbox 703 2902 797 2958; x_wconf 84' lang='lat' dir='ltr'><strong>divitis</strong></span> <span class='ocrx_word' id='word_1_140' title='bbox 814 2901 913 2957; x_wconf 85' lang='lat' dir='ltr'><strong>Indiae</strong></span> 
     </span>
     <span class='ocr_line' id='line_1_35' title="bbox 318 2980 689 3048; baseline -0.016 -11"><span class='ocrx_word' id='word_1_141' title='bbox 318 2980 473 3037; x_wconf 86' lang='lat' dir='ltr'><strong>(lacmeutis</strong></span> <span class='ocrx_word' id='word_1_142' title='bbox 490 2980 555 3035; x_wconf 89' lang='lat' dir='ltr'><strong>licet</strong></span> <span class='ocrx_word' id='word_1_143' title='bbox 572 2995 689 3048; x_wconf 82' lang='lat' dir='ltr'><strong>occupes</strong></span> 
     </span>
     <span class='ocr_line' id='line_1_36' title="bbox 351 3051 1004 3125; baseline -0.005 -15"><span class='ocrx_word' id='word_1_144' title='bbox 351 3056 521 3125; x_wconf 77' lang='lat' dir='ltr'><strong>Tyrrhenum</strong></span> <span class='ocrx_word' id='word_1_145' title='bbox 539 3072 621 3109; x_wconf 89' lang='lat' dir='ltr'><strong>omne</strong></span> <span class='ocrx_word' id='word_1_146' title='bbox 636 3055 693 3109; x_wconf 87' lang='lat' dir='ltr'><strong>tuis</strong></span> <span class='ocrx_word' id='word_1_147' title='bbox 709 3057 740 3108; x_wconf 92' lang='lat' dir='ltr'><strong>et</strong></span> <span class='ocrx_word' id='word_1_148' title='bbox 755 3070 831 3107; x_wconf 88' lang='lat' dir='ltr'><strong>mare</strong></span> <span class='ocrx_word' id='word_1_149' title='bbox 850 3051 1004 3122; x_wconf 86' lang='lat' dir='ltr'><strong>Apulieum‚</strong></span> 
     </span>
     <span class='ocr_line' id='line_1_37' title="bbox 317 3130 1031 3199; baseline -0.008 -12"><span class='ocrx_word' id='word_1_150' title='bbox 317 3130 348 3187; x_wconf 79' lang='lat' dir='ltr'><strong>si</strong></span> <span class='ocrx_word' id='word_1_151' title='bbox 364 3132 426 3199; x_wconf 81' lang='lat' dir='ltr'><strong>figit</strong></span> <span class='ocrx_word' id='word_1_152' title='bbox 442 3131 633 3187; x_wconf 85' lang='lat' dir='ltr'><strong>adamantinos</strong></span> <span class='ocrx_word' id='word_1_153' title='bbox 1016 3140 1031 3181; x_wconf 75' lang='lat' dir='ltr'><strong>t</strong></span> 
     </span>
     <span class='ocr_line' id='line_1_38' title="bbox 351 3204 889 3263; baseline -0.006 -2"><span class='ocrx_word' id='word_1_154' title='bbox 351 3206 470 3263; x_wconf 83' lang='lat' dir='ltr'><strong>Summis</strong></span> <span class='ocrx_word' id='word_1_155' title='bbox 486 3205 637 3260; x_wconf 81' lang='lat' dir='ltr'><strong>verticibus</strong></span> <span class='ocrx_word' id='word_1_156' title='bbox 654 3204 715 3259; x_wconf 86' lang='lat' dir='ltr'><strong>dira</strong></span> <span class='ocrx_word' id='word_1_157' title='bbox 732 3204 889 3258; x_wconf 82' lang='lat' dir='ltr'><strong>Necessitas</strong></span> 
     </span>
    </p>
   </div>
   <div class='ocr_carea' id='block_1_9' title="bbox 0 0 1142 3550">
    <p class='ocr_par' dir='ltr' id='par_1_12' title="bbox 0 0 1142 3550">
     <span class='ocr_line' id='line_1_39' title="bbox 0 0 1142 3550; baseline 0 0"><span class='ocrx_word' id='word_1_158' title='bbox 0 0 1142 3550; x_wconf 95' lang='lat' dir='ltr'><strong> </strong></span> 
     </span>
    </p>
   </div>
  </div>
 </body>
</html>
