2275 3550
132 195 164 244 44

407 192 563 242 HORATII
580 191 712 241 FLACGI

272 271 370 326 Virtus
386 271 531 326 recludens
548 271 694 325 immeritis
711 271 782 327 mori

272 346 387 401 Caelum
404 348 505 413 negata
522 348 615 399 tentat
632 346 687 398 iter
704 346 756 414 via,

307 420 464 488 Coetusque
481 419 608 487 vulgares
626 423 655 473 et
673 420 756 473 udam

340 495 453 564 Spernit
469 495 583 548 humum
601 495 724 563 fugiente
740 511 838 565 penna.

273 570 325 624 llst
342 568 372 623 e't
389 569 465 623 fideli
482 573 545 624 tuta
562 569 670 623 silentio

272 645 392 700 Merces:
410 643 509 699 vetabo
526 644 575 715 qui
593 644 703 699 Cereris
720 661 828 701 sacrum

307 719 435 787 Vulgarit
453 736 568 774 mennae
586 719 638 774 snb
655 719 745 774 isdem
871 772 874 778 ,

341 795 384 849 Sit
403 794 527 850 trabibus
544 794 703 863 nagilemve
720 811 827 851 mecum

273 869 366 925 Solvat
383 869 527 937 phaselon3
546 885 629 938 saepe
647 870 787 939 Diespiter

273 944 300 999 N
302 944 422 1012 eglectus
439 943 542 998 incesto
559 944 669 998 addidit
685 945 829 1013 integrum

307 1018 383 1075 Raro
399 1018 609 1073 antecedentem
627 1019 772 1074 scelestum

341 1094 471 1151 Deseruit
486 1093 559 1163 pede
578 1093 670 1148 Poena
686 1094 792 1152 claudo.

272 1318 386 1374 Jnsrnn
403 1322 433 1374 et
448 1321 574 1374 tenacem
591 1318 724 1388 propositi
741 1318 829 1373 virum
852 1334 861 1386 ᾗ

274 1394 336 1448 Non
353 1394 452 1448 civium
470 1394 553 1447 ardor
569 1409 655 1462 prava
668 1393 834 1460 jubentium,

306 1468 334 1523 N
335 1484 370 1521 on
386 1468 478 1521 vultus
494 1468 622 1521 instantis
638 1469 746 1535 tyranni

342 1542 437 1596 Mente
454 1540 545 1610 quatit
562 1541 656 1608 solida,
673 1558 763 1610 neque
781 1543 887 1596 Auster

272 1615 338 1670 Dux
354 1616 469 1685 inquieti
486 1615 614 1670 turbidus
632 1615 763 1685 Hadriae,

273 1690 300 1745 N
302 1707 333 1745 ec
350 1691 517 1745 fulminantis
534 1707 634 1759 magna
650 1707 746 1745 manus
764 1691 857 1758 Jovis3

307 1766 338 1823 si
355 1768 458 1824 fractus
474 1765 603 1822 illabatur
620 1767 695 1822 orbis

343 1843 514 1913 Imparidum
530 1844 631 1899 ferient
648 1844 752 1900 ruinae.

273 1918 335 1974 Hac
352 1923 412 1974 arte
430 1920 527 1974 Pollux
544 1924 574 1975 et
591 1936 675 1989 vagus
694 1920 829 1976 Hercules

274 1994 373 2049 Enisus
391 2012 468 2050 arces
485 1996 578 2065 attigit
595 1995 696 2064 igneas,

308 2070 382 2136 Quos
399 2072 473 2126 inter
490 2072 633 2140 Augustus
650 2071 812 2126 recumbens

341 2145 483 2214 Pmpmeo
499 2146 572 2200 bibit
588 2162 636 2200 ore
653 2150 755 2200 nectar.

273 2218 336 2274 Hac
352 2228 382 2275 te
399 2225 557 2287 merentem,
577 2222 684 2274 Bacche
701 2225 790 2291 pater,
805 2224 873 2276 tuae

272 2294 384 2349 Venere
401 2296 487 2364 tigres
504 2295 615 2349 indocili
629 2293 728 2363 jugum

306 2370 383 2424 Collo
399 2369 556 2436 trahentes3
572 2370 624 2424 hac
642 2369 771 2433 Quirinus

340 2445 440 2499 Martis
457 2443 540 2514 equis'
553 2445 712 2499 Acheronta
729 2445 808 2514 fugit,

272 2520 390 2575 Gratum
406 2520 514 2575 elocuta
530 2519 736 2574 consiliantibus

235 2661 238 2666 Ι
271 2594 383 2650 «lunone
402 2595 486 2651 divis:
506 2595 585 2663 Ilion,
604 2595 676 2649 llion

304 2669 410 2725 Fatalis
427 2671 605 2740 incestusque
617 2669 709 2738 juder

338 2745 377 2799 Et
393 2746 491 2800 mulier
506 2746 652 2815 peregrina
669 2745 754 2800 vertit

270 2819 306 2875 In
323 2820 470 2891 pulverem,
488 2838 523 2876 er
541 2837 595 2891 quo
613 2821 741 2875 destituit
759 2819 826 2879 deos

273 2894 405 2951 Mercede
420 2900 503 2966 pacta
520 2896 684 2963 Laomedon,
702 2896 770 2951 mihi

301 2971 456 3041 (laetaeque
474 2972 635 3026 damnatum
653 2972 800 3027 Minervae

340 3046 409 3101 (lum
426 3047 526 3116 populo
544 3051 574 3102 et
592 3047 662 3101 duce
679 3047 861 3105 fraudulento.

268 3118 334 3175 Jam
352 3139 403 3177 nec
421 3123 562 3177 lacaenae
581 3122 709 3191 splendet
726 3124 871 3180 adulterae

268 3194 401 3251 Famosus
417 3198 523 3267 hospes,
540 3214 592 3252 nec
610 3197 711 3251 Priami
729 3197 829 3254 domus
