2275 3550
428 173 576 261 pronon
592 213 709 274 amna,
729 219 752 266 ⁵.

263 288 365 348 Contra
380 291 500 346 latrones
517 297 602 361 atque
620 296 746 349 servilem
764 315 874 355 manum

298 364 366 433 Hoc,
384 354 435 420 boc
451 368 561 421 tribuno
579 369 713 426 militumi

262 589 336 657 “Ar,
355 608 372 644 o
389 590 502 644 deorum
520 514 656 663 quirlouid
672 598 701 650 in
719 601 794 654 melo
811 602 884 671 regit

295 664 393 719 Terras
411 670 440 720 et
457 667 605 721 humanum
623 687 716 738 genus,

262 738 335 804 Quid
351 739 405 794 iste
422 741 477 794 fert
495 745 650 804 tumultuat
667 752 717 800 aut
733 750 802 819 quid
818 753 936 808 omnium

295 813 397 868 Vultus
414 815 443 869 in
460 833 544 870 unum
562 835 607 872 me
624 822 736 876 truces?

260 889 315 942 Per
332 889 433 944 liberos
450 894 486 958 te,
505 892 528 945 si
546 898 642 948 vocata
659 897 792 964 partubus
998 919 1011 959 ε

293 963 395 1019 Lucina
412 967 485 1020 veris
502 968 588 1035 affuit,

260 1039 314 1092 Per
331 1040 382 1094 hoc
398 1041 479 1095 inane
495 1059 635 1112 purpurae
652 1046 737 1099 decus
753 1066 858 1118 precor,

293 1114 348 1167 Per
364 1116 582 1183 improbaturum
600 1119 668 1172 baec
684 1122 704 1173 J
706 1138 790 1189 ovem,

260 1187 334 1252 Quid
350 1192 383 1242 ut
399 1207 516 1244 noverca
532 1209 577 1245 me
595 1192 710 1248 intueris
729 1202 777 1250 aut
794 1199 836 1252 uti

294 1262 386 1317 Petita
403 1264 475 1318 ferro
491 1266 619 1321 belluar'
986 1294 1007 1333 rc

259 1338 300 1392 Ut
316 1338 384 1393 haec
400 1342 530 1395 trementi
548 1346 670 1412 questus·
679 1360 728 1400 ore
744 1350 869 1405 constitit

293 1414 451 1482 Insignibus
469 1417 556 1486 raptis
573 1435 651 1488 puer,

258 1489 374 1557 Impube
391 1508 488 1559 corpus
505 1493 586 1561 quale
603 1499 699 1562 posset
717 1496 801 1565 impia

291 1565 401 1620 Mollire
419 1567 554 1621 Thracum
572 1573 691 1638 pectora,

257 1638 371 1694 Canidia
387 1639 517 1696 brevibus
533 1643 673 1712 implicata
691 1647 792 1716 viperis
983 1668 1006 1708 15

292 1714 388 1769 Orines
406 1720 435 1770 et
451 1716 619 1787 incomptum
636 1725 720 1790 caput

257 1790 345 1844 lubet
363 1792 493 1860 sepulcris
511 1795 651 1861 caprificos
669 1801 770 1864 erutas,

289 1866 309 1917 J
311 1866 378 1919 ubet
394 1882 537 1934 cupressus
553 1868 691 1936 funebres,

256 1938 293 1993 Et
310 1942 393 1994 uncta
409 1941 499 2008 turpis
516 1957 568 1996 ova
585 1959 669 1996 ranae
686 1945 840 2014 sanguine,

290 2014 469 2085 Plumamque
486 2021 636 2071 nocturnae
654 2020 754 2086 strigis,
981 2042 1004 2080 so

256 2086 422 2158 Herbasque
440 2106 508 2157 quas
526 2091 615 2144 Iolcos
633 2097 718 2161 atque
736 2095 852 2153 Hiberia

289 2163 381 2218 Mittit
397 2180 565 2221 venenorum
580 2167 664 2235 ferax,

255 2234 293 2291 nt
309 2254 371 2296 ossa
388 2238 423 2291 ab
440 2255 488 2293 ore
505 2244 586 2307 rapta
599 2241 713 2309 jejunae
730 2246 804 2301 mnis

289 2311 419 2366 Flammis
436 2313 515 2365 aduri
534 2314 671 2371 Colchicis.

256 2391 297 2445 At
313 2387 443 2456 expedita
460 2387 567 2456 Sagana
584 2406 633 2456 per
650 2395 738 2447 totam
755 2394 867 2452 domum
977 2415 1002 2458 2⁵

288 2463 425 2532 Spargens
443 2464 594 2518 Avernales
611 2482 696 2534 aquas

255 2535 360 2591 Horret
377 2537 488 2606 capillis,
502 2542 536 2593 ut
553 2541 674 2594 marinus
691 2543 792 2624 asperis

288 2612 407 2667 Echinus
424 2617 473 2667 aut
490 2630 601 2669 currens
618 2633 692 2684 aper.

254 2687 361 2742 Abacta
378 2688 452 2742 nulla
470 2688 540 2743 Veia
557 2692 722 2747 conscientia

287 2763 435 2831 ligonibus
452 2763 528 2817 duris
545 2765 658 2820 humum
979 2793 1004 2834 ω

253 2836 441 2892 Exhauriebat
458 2839 600 2906 ingemens
617 2842 762 2912 laboribus,
943 2858 946 2862 ’

287 2911 347 2975 Quo
363 2916 456 2980 posset
473 2914 588 2968 infossus
605 2933 675 2985 puer

252 2984 347 3056 Longo
365 2987 410 3039 dis
427 2986 470 3040 bis
486 2992 586 3057 terque
603 2996 727 3048 mutatae
744 2996 823 3067 dapis

288 3061 407 3114 Inemori
424 3065 584 3131 spectaculo,

254 3134 322 3189 Cum
340 3136 508 3203 promineret
526 3155 574 3192 ore
592 3146 724 3209 quantum
743 3148 853 3200 exstant
870 3162 956 3216 aqua·
980 3162 1003 3204 ³⁵

286 3209 425 3277 suspensa
441 3215 535 3266 mento
553 3229 681 3283 corpora3
