2275 3550
441 221 725 296 carnisumis,
744 228 767 274 e.
965 286 971 299 ²
1013 242 1027 286 5

179 301 217 356 Et
233 299 330 355 domus
347 305 425 355 exilis
443 301 585 357 Plutonia:
604 320 657 372 quo
675 303 755 357 simul
772 308 875 375 nrearis,

213 377 239 429 N
241 394 272 431 ec
289 394 373 445 regna
389 377 445 431 vini
462 380 578 433 sortiere
595 379 659 433 talis

179 453 205 506 N
207 469 237 506 ec
254 455 379 507 tenerum
397 454 518 522 Lycidan
534 455 676 521 mirabere,
695 470 749 523 quo
766 455 837 507 calet
849 452 981 518 juventus

212 529 239 581 N
241 546 294 583 unc
311 529 398 595 ompis
416 533 446 584 et
462 547 526 584 mox
543 531 661 599 virgines
679 529 819 597 tepebunt.
1004 547 1028 584 so

586 656 691 712 V..

283 748 351 813 Quis
368 749 454 804 multa
471 749 579 819 gracilis
596 751 626 802 te
642 762 711 816 puer
727 747 757 800 in
774 764 834 802 rosa

282 824 411 879 Perfusus
428 826 540 894 liquidis
557 826 640 891 urget
656 823 784 877 odoribus

315 900 537 970 Grato‚‘Pyrrha‚
556 899 607 953 sub
624 901 723 954 antrol

349 977 400 1030 Oui
416 977 514 1031 flavam
532 977 632 1045 religas
648 991 753 1030 comam

281 1052 402 1121 Simplex
418 1053 581 1107 munditiis?
617 1052 681 1105 Heu
695 1054 807 1120 quoties
824 1054 906 1106 tidem
1015 1065 1028 1105 t

193 1125 197 1131 ’
280 1128 456 1197 Mutatosque
474 1129 541 1182 deos
558 1126 637 1181 flebit
654 1130 683 1184 et
700 1142 794 1191 aspera

314 1204 408 1271 Nigris
425 1221 544 1273 aequora
560 1204 656 1257 ventis·

348 1279 518 1334 Emirabitur
534 1279 651 1333 insolens

280 1354 333 1419 Qui
350 1372 423 1409 nune
440 1360 469 1410 te
485 1355 587 1409 fruitur
603 1353 732 1409 credulus
749 1369 846 1419 aurea3

280 1430 333 1495 Qui
350 1447 459 1499 semper
475 1447 595 1499 vacuam,
613 1447 722 1499 semper
738 1429 880 1484 amabilem
994 1444 1026 1484 >m

313 1505 412 1575 Sperat
428 1507 534 1561 nescius
551 1523 635 1577 aurae

346 1581 468 1637 Pellaeis.
502 1582 598 1638 Miseri
616 1582 715 1652 quibus

278 1656 420 1712 Intentata
437 1659 527 1712 nites!
564 1659 612 1713 Mc
629 1657 724 1712 tabula
742 1672 816 1711 sacer

279 1732 379 1787 Votiva
395 1734 486 1803 paries
503 1733 607 1788 indicat
623 1734 707 1787 uvida

311 1808 491 1877 Suspendisse
507 1811 616 1878 potenti

345 1884 520 1969 Vestimenta
536 1885 619 1939 maris
637 1884 695 1937 deo.

572 2024 624 2079 VI.

276 2101 424 2161 Scnrsnlus
441 2106 527 2160 Vario
544 2107 624 2161 fortis
640 2106 671 2161 'ct
688 2107 806 2163 hostium

275 2182 372 2237 Victor
390 2183 508 2239 Maeonii
526 2183 652 2238 carminis
669 2185 742 2250 alite,

276 2259 363 2323 Quam
378 2259 439 2313 'rem
457 2275 563 2328 cunque
580 2261 657 2314 ferox
673 2261 789 2315 navibus
807 2264 854 2315 aut
871 2264 947 2331 cquis

309 2334 392 2388 Miles
408 2337 439 2389 te
457 2335 526 2389 duee
543 2337 677 2404 gesserit:

275 2408 340 2478 Nos,
353 2410 485 2480 Agrippa,
497 2428 587 2480 neque
600 2412 668 2465 haec
685 2410 778 2465 dicere
795 2428 846 2466 nec
862 2427 974 2482 gravem
1009 2428 1023 2465 s

274 2485 388 2541 Pelidae
405 2486 575 2541 stomachum
591 2487 690 2541 cedere
706 2488 791 2541 nescii

273 2560 333 2616 Nec
350 2579 445 2616 cursus
462 2562 578 2632 duplicis
595 2580 646 2632 per
662 2580 738 2617 mare
755 2563 847 2617 Ulixei

306 2637 367 2693 Nec
384 2655 492 2693 saevam
510 2639 618 2708 Pelopis
636 2640 747 2693 domum

273 2713 410 2768 conamur
426 2718 524 2769 tenues
541 2715 662 2782 mandis,
681 2716 748 2768 dum
765 2715 855 2783 pudor
874 2748 881 2758 ·

272 2788 450 2860 Imbellisque
467 2790 541 2859 lyrae
559 2791 640 2844 Musa
656 2795 753 2859 potens
770 2794 847 2845 vetat
997 2804 1021 2847 lo

237 2930 240 2938 Ι
272 2863 381 2920 Laudes
399 2867 503 2935 egregii
521 2867 646 2921 Caesaris
663 2871 693 2920 et
710 2871 773 2920 tuas

306 2942 394 3011 Culpa
410 2943 653 3011 deterereingeni.

272 3015 338 3079 Quis
355 3018 475 3072 Martem
491 3019 585 3072 tunica
601 3020 704 3071 tectum
722 3015 898 3073 adamantina

271 3089 361 3159 Digne
378 3094 517 3162 scripserit
533 3096 582 3147 aut
598 3093 709 3161 pulvere
727 3091 822 3145 Troico

271 3164 388 3234 Nigrum
405 3169 548 3222 Merionen
566 3172 615 3222 aut
632 3184 683 3235 ope
701 3166 820 3219 Palladis
996 3182 1018 3223 rs

305 3242 428 3311 Tydiden
446 3244 551 3312 superis
567 3245 681 3311 peremi
