2275 3550
434 225 639 276 CARMINUM
655 226 709 277 111.
727 230 752 279 4.
783 236 785 243 “

306 307 401 362 Visam
419 308 565 364 Britannos
582 308 737 377 hospitibus
754 309 826 366 feros

306 383 344 439 Et
361 384 463 438 laetum
481 386 581 453 equino
598 386 728 453 sanguine
746 386 909 459 Concanum,

340 459 436 513 Visam
453 460 626 529 pharetratos
644 462 762 516 Gelonos

374 534 413 589 Et
430 535 585 604 Scythicum
601 537 746 591 inviolatus
763 542 879 595 amnem.

308 609 367 663 Vos
385 610 530 665 Gaesarem
548 611 642 681 altum,
660 612 757 667 militia
774 605 855 668 simul

305 685 403 741 Fessas
420 686 545 741 cohortes
562 687 672 742 addidit
688 689 802 758 oppidis,

340 761 434 816 Finire
452 766 630 832 quaerentem
646 763 755 818 labores
766 777 779 801 Ι

374 837 463 891 Pierio
480 839 611 892 recreatis
626 842 714 893 antro.

306 912 363 965 Vos
380 912 443 969 lene
460 913 600 967 consilium
618 917 647 967 et
664 914 737 968 datis
755 916 784 969 et
801 916 867 969 dato

305 987 438 1042 Gaudetis
455 988 549 1042 almae.
584 989 697 1054 Scimus,
714 995 747 1045 ut
764 990 862 1058 impios

339 1063 450 1117 Titanas
466 1064 668 1134 immanemque
685 1069 804 1119 turmam

323 1197 325 1201 ⁷
373 1138 499 1193 Fulmina
516 1141 658 1194 sustulerit
675 1141 784 1208 caduco,

305 1213 359 1276 Qui
376 1217 480 1267 terram
497 1213 620 1282 inertem,
639 1216 687 1283 qui
704 1232 780 1269 mare
796 1218 934 1284 temperat

308 1287 466 1357 Ventosum,
484 1293 513 1343 et
529 1288 613 1345 urbes
630 1307 769 1359 regnaque
786 1291 878 1346 tristia

329 1363 478 1432 ‚Divosque
495 1365 680 1438 mortalesque
696 1364 793 1420 turbas

374 1439 493 1507 Imperio
510 1439 584 1508 regit
599 1456 670 1493 unus
687 1457 782 1509 aequo.

303 1513 434 1582 Magnum
452 1515 499 1568 illa
515 1519 651 1569 terrorem
668 1517 798 1570 intulerat
815 1516 880 1573 Jovi

303 1589 405 1644 Fidens
418 1590 551 1659 juventus
568 1591 681 1644 horrida
697 1591 824 1661 brachiis,

336 1666 504 1735 Fratresque
520 1667 668 1721 tendentes
685 1683 769 1737 opaco
803 1708 809 1726 ,

371 1740 466 1796 Pelion
482 1742 644 1811 imposuisse
662 1741 784 1812 Olympo.

303 1816 358 1872 Sed
376 1816 444 1886 quid
461 1817 603 1886 Typhoeus
620 1821 650 1871 et
667 1818 773 1871 validus
791 1818 900 1890 Mimas,

302 1893 362 1946 Aut
379 1891 447 1961 quid
464 1892 561 1945 minaci
580 1891 749 1960 Porphyrion
767 1896 848 1960 statu,

336 1967 410 2031 Quid
428 1967 551 2020 Rhoetus
569 1967 723 2036 evulsisque
740 1968 845 2021 trsmcis

370 2041 523 2095 Enceladus
536 2041 673 2109 jaculator
688 2041 779 2095 audax

302 2117 403 2171 Contra
420 2119 561 2170 sonantem
580 2116 700 2170 Palladis
716 2117 814 2185 aegida
837 2168 843 2173 .

301 2192 417 2247 Possent
434 2194 566 2246 ruentes?
602 2192 676 2246 Hinc
693 2193 790 2246 avidus
807 2194 887 2248 stetit

334 2268 480 2336 Vulcanus,
498 2267 561 2321 hinc
578 2272 703 2321 matrona
720 2268 794 2321 June
811 2272 841 2323 et
883 2325 890 2337 ⁴

367 2343 515 2413 Nunquam
532 2343 655 2397 humeris
672 2343 811 2413 positurus
827 2360 927 2414 arcum,

299 2419 352 2483 Qui
370 2436 432 2473 rore
448 2434 518 2487 puro
536 2418 671 2472 Castaliae
688 2419 756 2473 lavit

299 2495 396 2550 Orines
413 2495 523 2561 solutos,
541 2494 588 2562 qui
605 2493 703 2561 Lyciae
720 2495 798 2547 tenet

307 2593 310 2599 Δ
332 2569 452 2623 Dumeta
467 2568 642 2637 natalemque
659 2568 762 2632 silvam,

366 2645 462 2699 Delius
479 2647 509 2698 et
527 2643 659 2697 Patareus
678 2643 784 2712 Apollo.

296 2719 348 2773 Vis
364 2720 459 2774 consili
476 2736 576 2789 expers
592 2721 664 2772 mole
681 2720 737 2773 ruit
754 2735 819 2777 sua:
859 2777 865 2788 ,

299 2796 362 2849 Vim
378 2798 561 2865 temperatam
579 2794 609 2847 di
626 2810 735 2863 quoque
751 2794 904 2864 provehunt

330 2871 366 2925 In
382 2871 490 2940 majus3
506 2870 582 2923 idern
600 2870 683 2924 odere
700 2870 773 2923 vires

364 2947 453 3000 Omne
469 2945 546 3000 nefas
563 2945 653 2999 animo
670 2947 818 2999 moventes.

296 3020 384 3074 Testis
401 3038 524 3075 mearum
540 3021 709 3075 centimanus
727 3019 800 3088 Gyas

295 3094 506 3164 Sententiarum,
524 3099 605 3150 notus
623 3099 652 3149 et
669 3096 792 3161 integrae
982 3108 1006 3148 ro

328 3170 460 3224 Tentator
477 3172 562 3225 Orion
581 3171 687 3223 Dianae

361 3246 494 3314 Virginea
511 3246 631 3299 domitus
648 3244 756 3312 sagitta.
