2275 3550
403 199 549 249 EPODON
565 199 683 259 LIBER,
704 202 741 249 12.
967 204 999 255 97

215 280 271 335 Hic
287 280 388 335 tertius
405 280 564 348 December,
583 297 619 334 ex
636 295 691 348 quo
708 280 805 335 destiti
988 297 1002 337 c

249 354 363 409 Inachia
379 355 480 422 furere,
499 355 574 408 silvis
591 355 722 408 honorem
741 355 854 411 decutit.

215 430 281 485 Heu
298 448 350 498 me,
368 447 419 500 per
435 430 639 485 Urbem-nam
656 430 744 498 pudet
761 432 832 485 tanti
850 431 951 485 mali-

248 506 354 560 Fabula
372 509 475 575 quanta
491 505 548 560 fui!
586 505 777 559 Conviviorum
794 509 823 561 et
840 508 963 575 poenitet
993 504 1001 517 “

214 579 249 635 In
266 583 328 650 quis
345 585 483 636 amantem
499 581 615 649 languor
631 584 661 636 et
679 581 818 634 silentium

247 658 349 725 Arguit
367 660 396 712 et
413 658 500 711 latere
516 658 621 725 petitus
638 657 692 709 imo
709 656 828 724 spiritus.
974 672 995 714 to

212 732 369 787 “Contrane
386 733 492 786 lucrum
509 732 547 785 nil
565 732 656 785 valere
673 731 819 785 candidum

246 807 378 877 Pauperis
395 808 534 875 ingenium
541 808 566 861 i'’
585 806 721 876 querebar
737 807 881 875 applorans
899 806 959 865 tibi.

210 883 297 938 Simul
315 883 428 937 calentis
445 883 644 937 inverecundus
662 882 730 936 deus

245 957 403 1012 Fervidiore
420 974 496 1011 mero
513 974 612 1011 areana
629 960 768 1026 promorat
785 957 851 1011 loco.

211 1031 314 1097 Quodsi
331 1033 399 1087 meis
417 1034 554 1087 inaestuat
571 1032 739 1101 praecordiis
973 1049 994 1089 15

244 1108 345 1161 Libera
361 1108 432 1175 bilis,
450 1112 483 1162 ut
500 1108 568 1161 haec
585 1108 693 1175 ingrata
710 1106 800 1161 ventis
818 1107 924 1163 dividat

210 1181 456 1237 uomentavulnus
472 1183 511 1236 nil
529 1183 631 1236 malum
648 1182 774 1249 levantia,

244 1257 360 1311 Desinet
376 1258 526 1327 imparibus
542 1263 649 1311 certare
666 1261 817 1311 summotus
834 1258 930 1327 pudor.

209 1329 266 1385 Ubi
283 1332 350 1386 haec
368 1349 479 1387 severus
496 1336 526 1386 te
542 1332 634 1401 palam
651 1332 833 1402 laudaveram,

242 1407 341 1461 Jussus
358 1408 434 1461 abire
451 1408 562 1462 domum
580 1406 690 1462 ferebar
706 1409 811 1462 incerto
828 1409 900 1478 pede
968 1426 991 1467 so

208 1482 256 1537 Ad
273 1500 326 1538 non
343 1485 444 1538 amicos
461 1484 516 1538 heu
533 1484 600 1537 mihi
618 1487 711 1553 postes
729 1489 759 1539 et
775 1486 830 1539 heu

240 1558 348 1613 Limina
365 1559 442 1627 dura,
460 1560 560 1629 quibus
578 1560 684 1615 lumbos
702 1564 731 1614 et
748 1560 847 1628 infregi
864 1561 944 1616 latus.

206 1633 286 1688 Nunc
302 1634 445 1701 gloriantis
462 1636 614 1705 quamlibet
631 1636 817 1690 mulierculam

241 1709 359 1763 Vincere
376 1711 490 1764 mollitie
507 1728 583 1764 amor
602 1711 705 1780 Lycisci
722 1728 767 1764 me
785 1715 871 1780 tenet,

207 1784 288 1840 Unde
306 1787 436 1854 expedire
453 1803 507 1840 non
525 1787 672 1839 amicorum
691 1791 794 1855 queant
967 1802 991 1842 as

241 1860 342 1913 Libera
359 1861 470 1913 consilia
486 1876 537 1913 nec
553 1861 733 1913 contumeliae
750 1876 853 1927 graves,

206 1933 264 1990 Sed
281 1936 350 1987 alius
367 1934 449 1988 ardor
466 1939 514 1987 aut
550 1934 639 1987 uellae
656 1935 788 1988 candidae

241 2011 301 2066 Aut
318 2010 415 2063 teretis
432 2009 511 2077 pueri
528 1952 637 2077 idngam
654 2009 813 2063 renodantis
830 2025 942 2065 comam.

206 2235 281 2300 Qum
299 2234 352 2289 tibi
369 2234 417 2303 vis,
436 2232 534 2288 mulier
551 2233 638 2301 nigris
656 2232 816 2301 dignissima
832 2233 941 2290 barrisl

238 2311 355 2364 Munera
372 2311 440 2379 quid
456 2309 523 2363 mihi
541 2308 641 2379 quidve
658 2308 774 2361 tabellas

203 2384 294 2440 Mittis
311 2402 362 2444 nec
379 2387 458 2439 firmo
471 2384 568 2453 juveni
585 2400 675 2452 neque
691 2383 764 2436 naris
781 2383 900 2439 obesael

237 2461 364 2530 Namque
381 2460 504 2529 sagacius
521 2475 593 2512 unus
610 2458 715 2525 odoror,

204 2535 321 2604 Polypus
339 2552 374 2589 an
391 2536 482 2604 gravis
500 2533 613 2587 hirsutis
631 2533 712 2587 cubet
729 2532 820 2586 hircus
836 2533 866 2586 in
882 2533 941 2603 alis,
972 2549 986 2590 t

237 2611 325 2675 Quam
342 2612 416 2665 canis
432 2627 495 2664 acer
512 2610 560 2663 ubi
578 2609 664 2663 lateat
682 2624 734 2662 sus.

203 2683 255 2750 Qui
273 2686 356 2739 sudor
372 2686 453 2740 vietis
471 2689 500 2740 ct
517 2702 600 2754 quam
615 2684 702 2738 malus
717 2682 839 2751 undique
853 2682 985 2738 membris

237 2759 342 2813 Crescit
359 2759 435 2826 odor,
454 2777 516 2814 cum
534 2776 605 2829 pene
623 2760 711 2813 soluto

202 2834 368 2888 Indomitam
385 2839 515 2904 properat
532 2836 637 2889 rabiem
655 2834 767 2900 sedare3
784 2849 874 2902 nequo
890 2834 930 2887 illl

234 2909 299 2961 Jam
317 2914 410 2963 manet
426 2909 539 2963 humida
555 2913 632 2963 creta
649 2909 777 2977 colorque
961 2924 983 2965 1o

200 2982 325 3037 Stercore
342 2985 450 3038 fucatus
468 2984 603 3052 crocodili,
617 2985 733 3052 jamque
750 2981 872 3036 subando

234 3058 322 3112 'Penta
339 3059 439 3112 cubilia
456 3062 587 3127 tectaque
604 3060 724 3127 rumpit!

200 3131 252 3187 Vel
269 3149 332 3186 mea
349 3149 411 3186 cum
429 3134 517 3187 saevis
534 3134 623 3201 agitat
638 3133 751 3186 fastidia
767 3130 872 3186 verbis:

232 3208 345 3263 Inachia
362 3209 475 3277 langues
491 3209 582 3262 minus
600 3225 631 3262 ac
648 3224 710 3272 me;
