2275 3550
121 186 167 237 176
394 184 548 234 HORATII
565 186 697 236 FLAOCI

119 263 275 326 Mutandus
288 263 364 320 loeus
381 270 424 320 est
441 269 470 320 et
487 266 645 320 deversoria
661 269 728 322 nota
950 287 976 328 ro

121 340 357 408 Praeteragendus
369 357 463 410 equus,
491 343 571 407 “Quo
582 343 692 397 tendisl
713 343 740 396 N
742 359 777 396 on
788 344 857 399 mihi
865 345 975 416 ‘Cumas

121 418 172 471 Est
189 418 243 471 iter
259 420 308 470 aut
325 417 428 485 Baias,''
446 417 524 472 laeva
541 418 728 473 stomachosus
745 418 853 473 habena

121 492 202 546 Dicet
219 509 319 560 eques;
336 493 386 547 sed
403 492 466 562 equi
485 493 593 548 frenato
611 498 654 549 est
670 496 744 549 auris
762 496 790 548 in
808 497 872 562 ore.)

122 567 211 636 Major
227 573 320 622 utrum
337 568 468 637 populum
484 570 617 624 frumenti
634 570 711 639 copia
727 574 838 640 pascat;

122 644 289 699 collectosne
306 643 403 699 bibant
420 644 522 698 imbres
539 649 674 714 puteosne
690 661 827 714 perennes
952 661 977 701 15

121 719 202 789 Jugis
219 736 320 789 aquae;
339 722 411 790 (nam
427 720 491 774 vina
507 720 576 774 nihil
593 737 684 775 moror
700 721 773 775 illius
790 737 870 787 orae;

122 796 197 850 Rure
215 813 276 850 meo
292 812 403 865 possum
420 796 529 865 quidvis
545 797 669 865 perferre
686 797 806 866 patique,

123 871 262 925 Annae
279 889 341 926 cum
358 872 420 926 veni
437 887 600 940 generosum
617 876 647 926 et
663 872 726 926 lene
742 872 860 940 requiro,

123 947 203 1011 Quod
220 963 299 1001 curas
316 947 416 1015 abigat,
435 947 509 1016 quod
526 964 588 1001 cum
606 965 655 1017 spe
673 948 759 1001 divite
776 951 870 1002 manet

124 1023 158 1077 In
176 1040 259 1077 venas
276 1023 450 1092 animumque
467 1039 565 1090 meum,
584 1024 659 1093 quod
674 1023 759 1077 verba
775 1024 920 1089 ministret,
949 1037 975 1075 a>

123 1099 204 1163 Quod
221 1115 265 1153 me
283 1099 406 1153 Lucanae
419 1099 549 1167 juvenem
566 1099 739 1153 commendet
758 1098 876 1167 amicae.)

123 1175 238 1231 Tractus
254 1179 318 1229 uter
335 1174 426 1243 plures
444 1175 557 1243 lepores,
575 1178 640 1228 uter
656 1175 757 1228 educet
774 1191 864 1244 apros,

123 1251 196 1305 Utra
212 1251 299 1319 magis
316 1251 403 1319 pisces
420 1254 450 1303 et
467 1250 576 1304 echinos
593 1266 713 1318 aequora
729 1250 827 1318 celent,
878 1273 881 1278 >

124 1325 237 1394 Pinguis
254 1331 287 1380 ut
302 1326 368 1380 inde
386 1326 497 1379 domum
514 1326 615 1394 possim
634 1325 798 1394 Phaeaxque
814 1326 925 1393 reverti,

123 1402 249 1457 Scribere
265 1406 295 1456 te
312 1401 397 1468 nobis,
414 1400 466 1454 tibi
483 1417 533 1453 nos
549 1400 695 1456 accredere
711 1417 763 1469 par
780 1404 831 1456 est
948 1416 974 1456 aa

123 1477 256 1545 Maenius,
274 1480 307 1531 ut
323 1475 406 1530 rebus
423 1476 554 1529 maternis
572 1481 657 1545 atque
673 1476 797 1545 paternis

124 1554 246 1608 Fortiter
263 1551 415 1620 absumptis
432 1550 552 1604 urbanus
570 1552 661 1619 eoepit
677 1550 782 1618 haberi,

123 1629 223 1683 Scurra
239 1644 323 1696 vagus
340 1643 394 1681 non
411 1627 458 1695 qui
476 1629 584 1692 certum
599 1643 732 1696 praesepe
753 1630 869 1697 teneret,

124 1704 283 1774 Impransus
300 1720 355 1757 non
372 1702 419 1771 qui
437 1702 524 1756 civem
542 1702 697 1757 dinosceret
714 1702 801 1771 hoste,

125 1781 269 1846 Quaelibet
286 1780 315 1833 in
332 1778 456 1849 quemvis
473 1779 620 1847 opprobria
637 1780 741 1847 fingere
760 1795 864 1848 saevus,
950 1795 975 1835 eo

124 1857 262 1911 Pernicies
279 1859 309 1910 et
326 1858 474 1924 tempestas
491 1853 705 1924 barathrumque
723 1855 837 1924 macelli,

124 1932 266 2001 Quidquid
283 1931 439 2001 quaesierat
455 1930 546 1984 ventri
564 1930 686 1984 donabat
703 1947 793 1985 avaro.

125 2007 180 2061 Hic
196 2007 244 2061 ubi
261 2007 401 2076 nequitiae
417 2006 571 2060 fautoribus
588 2009 619 2060 et
635 2005 741 2060 timidis
757 2006 797 2059 nil
902 2027 905 2031 ·

126 2083 185 2136 Aut
202 2083 313 2152 paulum
331 2080 483 2135 abstulerat
499 2082 607 2149 patinas
625 2081 759 2135 coenabat
776 2082 862 2135 omasi

125 2157 196 2211 Vilis
213 2160 242 2211 et
261 2157 382 2224 agninae,
400 2155 490 2210 tribus
507 2157 580 2209 ursis
597 2156 673 2225 quod
690 2157 757 2210 satis
774 2161 862 2222 esset;
952 2172 976 2211 aa

125 2231 234 2305 Scilicet
251 2236 284 2286 ut
301 2235 411 2285 ventres
427 2230 518 2284 lamna
534 2232 671 2285 candente
688 2236 819 2300 nepotum

125 2307 237 2363 Diceret
254 2306 380 2370 urendos,
399 2304 537 2360 corrector
555 2306 673 2361 Bestius.
711 2307 791 2361 Idem

126 2382 267 2450 Quidquid
285 2385 344 2434 erat
361 2384 457 2433 nactus
474 2380 596 2448 praedae
613 2382 725 2450 majoris
743 2382 790 2437 ubi
809 2398 889 2436 omne

34 2474 41 2485 “
125 2458 256 2512 Verterat
274 2456 423 2509 intumum
441 2458 470 2509 et
487 2455 615 2525 cinerem,
639 2457 685 2510 “N
687 2473 721 2510 on
739 2458 851 2512 hercule
868 2457 973 2524 miror‚'‘

125 2533 236 2600 Aiebat,
253 2531 296 2584 “si
314 2531 361 2600 qui
379 2526 526 2584 comedunt
543 2530 622 2597 bona,
640 2548 702 2586 cum
721 2532 758 2586 sit
775 2532 859 2587 obeso
952 2549 976 2587 aa

125 2610 172 2664 Nil
190 2609 287 2662 melius
303 2605 394 2674 turdo,
411 2606 450 2659 nil
467 2606 548 2661 vulva
564 2607 705 2676 pulchrius
722 2609 834 2678 ampla''

124 2684 262 2739 Nimirum
278 2682 323 2735 hic
340 2697 392 2749 ego
410 2697 484 2747 sum;
501 2698 565 2735 narn
582 2686 644 2736 tuta
660 2687 690 2737 et
707 2684 821 2753 parvula
837 2683 919 2739 laudo

126 2760 196 2814 (lum
213 2775 257 2812 res
275 2757 414 2825 deficiunt,
432 2756 499 2810 satis
516 2757 590 2811 inter
606 2758 670 2812 vilia
686 2759 781 2824 fortis;

126 2835 230 2889 Verum
247 2834 295 2888 ubi
313 2832 381 2903 quid
397 2832 494 2886 melius
511 2833 647 2902 contingit
664 2838 693 2889 et
711 2835 819 2888 unctius
836 2834 911 2889 idem

125 2911 184 2965 Vos
202 2927 298 2980 sapere
316 2913 345 2964 et
363 2909 434 2963 solos
451 2910 494 2962 aio
510 2909 583 2963 bene
600 2911 699 2977 vivere,
718 2926 851 2979 quorum.v
954 2925 976 2965 45

126 2985 299 3057 Conspicitur
315 2984 411 3039 nitidis
428 2983 544 3038 fundata
560 2985 676 3053 pecunia
692 2984 770 3040 villis
