2275 3550
404 206 661 256 EPISTULARUM
676 207 699 256 Ι,
720 209 745 258 3.
954 205 1001 254 163

144 285 197 341 Est
214 287 335 340 animum
353 286 447 340 differs
465 287 580 340 curandi
597 290 707 355 tempus
724 287 753 339 in
771 286 891 339 anurrmi

143 358 295 417 Dimidium
312 362 377 416 facti
395 363 442 431 qui
460 363 550 432 coepit
567 362 666 427 habet3
684 378 781 429 sapere
798 361 884 426 aude;
977 375 999 417 ro

144 437 248 506 Incipe.
284 438 338 502 Qui
356 442 431 506 recte
448 438 559 492 vivendi
576 440 706 507 prorogat
722 437 818 490 horam

143 512 276 567 Rusticus
294 517 436 581 exspectat
454 514 521 567 dum
539 513 644 568 defluat
661 513 763 578 amnis;
781 511 873 566 atille

143 587 260 641 Labitur
277 592 307 642 et
323 587 434 643 labetur
451 589 481 643 in
499 605 579 643 omne
597 588 723 642 volubilis
740 604 844 641 aarum.

144 661 293 726 Quaeritur
309 667 455 732 argentum
472 665 621 733 puerisque
638 664 720 718 beata
736 662 863 717 creandis

143 738 231 805 Uxor,
250 742 280 793 et
296 739 417 794 incultae
434 743 568 808 pacantur
585 756 694 794 vomere
712 739 811 794 silvae:
976 749 1003 789 se

144 813 226 877 Quod
243 815 310 868 satis
327 815 431 870 est‘eui
448 816 582 883 contingit
598 815 667 868 nihil
684 815 800 883 amplius
817 817 904 884 optet

144 890 171 943 N
173 906 208 943 on
227 890 324 944 domus
341 895 371 945 et
387 891 496 959 fundus,
513 908 568 945 non
586 892 657 944 aeris
674 906 788 944 acervus
804 894 834 944 et
850 889 910 944 auri

145 968 269 1033 Aegroto
288 966 391 1020 domini
409 966 527 1021 deduxit
546 983 660 1035 corporo
676 964 776 1033 febres,

145 1040 208 1097 Nou
226 1042 316 1095 animo
333 1059 419 1096 curas.
455 1041 555 1096 Valeat
572 1058 713 1110 possessor
729 1044 840 1110 oportet

145 1116 175 1170 Si
192 1118 367 1185 comportatis
386 1117 467 1171 rebus
484 1117 556 1170 bene
573 1117 676 1184 cogitat
692 1116 742 1170 uti.
978 1129 1002 1169 to

147 1190 201 1255 Qui
218 1193 295 1261 cupit
312 1196 360 1246 aut
378 1194 477 1246 metuit
490 1191 572 1260 juvat
589 1192 667 1245 illum
684 1191 725 1245 sic
742 1190 840 1245 domus
857 1194 888 1246 et
903 1206 949 1244 res

147 1266 188 1321 Ut
205 1266 310 1336 lippum
328 1268 418 1336 pictae
436 1266 553 1334 tabulae,
572 1268 694 1320 fomenta
710 1266 869 1335 podagram,

148 1342 294 1397 Auriculas
311 1343 432 1398 citharae
450 1343 564 1397 collecta
582 1341 663 1396 sorde
681 1340 813 1396 dolentes.

148 1417 290 1472 Sincerum
308 1422 351 1473 est
369 1419 421 1485 nisi
438 1435 486 1473 vas
503 1418 687 1488 quodcunque
704 1416 826 1470 infundis
842 1416 949 1471 acescit.

147 1494 252 1562 Sperne
269 1494 430 1564 voluptates,
447 1500 528 1549 nocet
546 1498 640 1563 empta
658 1492 752 1546 dolore
770 1492 903 1560 voluptas.
980 1506 1004 1546 ss

149 1569 264 1639 Semper
281 1587 378 1624 avarus
396 1575 472 1639 eget:
488 1573 595 1625 certum
613 1573 677 1624 voto
694 1572 760 1638 pcto
777 1568 869 1622 finem.

148 1645 263 1699 Invidus
280 1646 393 1700 alterius
411 1647 555 1701 macrescit
572 1646 656 1701 rebus
673 1644 785 1714 opimis;

62 1754 66 1758 -
148 1720 257 1775 Invidia
274 1721 357 1777 Siculi
375 1738 430 1776 non
448 1724 577 1778 invenero
594 1722 704 1791 tyranni

148 1796 241 1864 Majus
258 1799 435 1851 tormentum.
471 1799 526 1863 Qui
542 1815 598 1852 non
615 1795 805 1851 moderabitur
822 1797 880 1851 irae

149 1871 288 1925 Infectam
304 1873 380 1926 volet
396 1889 457 1926 esse
475 1873 553 1926 dolor
571 1871 646 1941 qnod
663 1868 781 1925 suaserit
798 1876 829 1926 et
846 1887 932 1938 mens,
980 1886 1004 1926 ω

149 1945 224 1999 Dum
240 1962 343 2015 poenas
361 1946 424 2000 odio
442 1948 565 2016 pervim
582 1947 696 2000 festinat
715 1946 810 2000 inulto.

150 2021 198 2074 Ira
215 2021 292 2075 furor
308 2021 400 2075 brevis
418 2025 474 2077 est:
492 2023 613 2076 animum
630 2038 705 2090 rege,
722 2022 770 2089 qui
786 2021 840 2075 nisi
856 2024 935 2090 paret

150 2096 290 2167 Imperat3
308 2097 381 2151 hunc
396 2097 490 2166 frenis,
506 2098 579 2151 hunc
596 2103 628 2152 tu
645 2112 787 2166 compesce
805 2099 909 2151 catena

150 2172 244 2241 Fingit
261 2190 363 2242 equum
380 2176 478 2227 tenera
495 2173 612 2227 docilem
629 2173 734 2227 cervice
751 2173 883 2241 magister

150 2248 197 2302 Ire
218 2249 363 2317 viamque
380 2253 517 2304 monstret
533 2265 632 2318 eques;
650 2248 799 2316 venaticus,
816 2265 851 2303 ex
867 2265 923 2318 quo
979 2257 1004 2298 ⁶⁵
1119 2296 1120 2299 ,

149 2324 285 2394 Tempore
303 2325 438 2379 cervinam
456 2325 556 2393 pellem
574 2324 685 2379 latravit
701 2325 730 2378 in
747 2324 817 2392 aula,

149 2400 252 2455 Militat
267 2401 295 2454 iu
313 2401 389 2453 sitris
406 2400 521 2454 catulus.
556 2400 583 2453 N
585 2416 638 2453 unc
654 2399 756 2454 adbibe
773 2416 844 2468 puro

150 2475 264 2530 Pectore
281 2475 373 2544 rerba,
390 2492 467 2545 puer,
484 2492 557 2530 nunc
574 2478 604 2529 te
622 2475 780 2529 melioribus
797 2475 873 2530 offer.

150 2551 211 2615 Quo
228 2552 314 2625 semei
331 2556 376 2606 est
392 2551 501 2606 imbuta
518 2567 615 2605 recens
632 2550 753 2605 servabit
770 2550 883 2605 odorem

150 2626 232 2682 Testa
249 2627 306 2681 din.
341 2627 444 2700 Quodsi
461 2643 553 2681 cessas
570 2630 619 2681 aut
636 2630 764 2679 strenuus
781 2626 878 2692 anteis
982 2641 1007 2685 uo

149 2701 176 2756 N
178 2718 210 2757 ec
226 2703 338 2757 tardum
354 2702 482 2774 opperior
498 2717 556 2757 nec,
565 2699 794 2771 praecedentibus
811 2701 891 2756 insto.

550 2842 609 2900 ΙΙΙ.

149 2931 220 2987 Jnm
237 2932 327 3001 Flore,
346 2931 446 3000 quibus
463 2933 601 2986 terrarum
617 2932 719 2987 militet
736 2931 793 2987 on‘s

151 3006 282 3062 Claudius
301 3007 422 3076 Augusti
439 3007 581 3076 privignus
599 3007 669 3062 scire
686 3007 787 3063 laboro.

151 3083 292 3137 Thracane
309 3099 358 3136 ros
377 3083 545 3151 Hebrusque
563 3083 645 3136 nivali
663 3082 795 3151 compede
812 3082 926 3151 vinctus,

152 3160 199 3213 An
216 3159 290 3213 freta
307 3159 409 3212 vicinas
425 3158 500 3211 inter
517 3157 658 3212 currentia
675 3161 775 3223 turres,

152 3237 198 3289 An
208 3234 331 3355 lpingues
350 3233 434 3287 Asiae
451 3233 541 3303 campi
558 3233 696 3301 collesque
712 3233 871 3287 morantur?
998 3244 1012 3283 s
