2275 3550
417 178 634 227 SATIRARUM
651 178 689 227 11.
708 179 730 227 3.
952 175 997 224 139

143 256 185 311 Ni
202 257 241 312 sie
258 258 388 313 fecissent
408 258 592 326 gladiatorum
611 258 677 311 dare
695 260 804 311 centum
971 278 997 318 ⁸5

142 331 276 387 Damnati
293 335 394 404 populo
411 334 488 403 paria
505 339 590 404 atquc
607 334 718 403 epulum
735 332 850 387 arbitrio
867 332 942 401 Arri,

142 406 289 463 Frumenti
307 414 438 479 quantum
457 410 539 464 metit
557 410 659 463 Africa.
695 409 758 463 Sive
777 425 828 476 ego
845 424 930 476 prave

142 483 200 538 Seu
218 488 294 538 recte
311 485 364 539 hoc
381 485 461 553 volui,
478 502 515 539 ne
533 485 570 539 sis
586 489 701 554 patruus
717 484 792 538 mihi.
828 484 918 538 Credo

142 559 207 613 Hoc
225 558 335 615 Staberi
352 561 518 630 prudentem
536 561 656 615 animum
673 561 781 614 vidisse.
818 559 892 624 Quid
910 576 975 629 ergo

142 634 237 689 Sensit
254 651 315 688 cum
333 653 468 691 summam
485 637 633 705 patrimoni
650 636 805 705 insculpere
823 651 889 688 saxo
974 651 998 692 ao

143 708 273 763 Heredes
290 710 396 766 voluitl
432 710 530 776 Quoad
547 712 618 766 vixit
635 711 754 766 credidit
770 711 868 778 ingens

142 783 308 854 Pauperiem
325 787 423 841 vitium
441 790 470 841 et
487 787 559 842 cavit
576 786 644 841 nihil
661 787 757 854 acrius,
774 789 807 840 ut
825 785 849 839 si

143 859 228 915 Forte
245 861 335 916 minuc
352 862 471 932 locuples
489 880 543 917 uno
560 864 714 933 quadrante
731 862 867 931 perisset

142 934 208 1002 Ipse
226 936 368 992 videretur
385 938 438 992 sibi
454 939 584 1009 nequior:
602 938 690 992 omnis
706 938 779 992 enim
796 953 850 1003 res,

142 1010 248 1080 Virtus,
266 1013 346 1083 fama,
363 1015 453 1083 decue,
473 1014 566 1068 divina
583 1014 757 1083 humanaque
773 1011 894 1081 pulchris
975 1025 1000 1066 ot

94 1149 98 1156 Ι
141 1085 254 1142 Divitiis
270 1093 382 1159 parent;
400 1107 469 1159 quas
487 1089 535 1160 qui
553 1090 737 1144 construxerit
754 1088 802 1142 illc

142 1162 322 1232 Olarus‘erit
334 1164 421 1233 fortis,
435 1166 536 1234 justus.
571 1165 740 1234 Sapiensnet
775 1163 875 1231 Etiam,
896 1167 925 1220 ct
938 1179 997 1231 rex,

142 1238 181 1292 Et
198 1238 334 1307 quidquid
351 1240 432 1295 volet.
467 1241 529 1294 Hoc
546 1241 632 1295 veluti
649 1240 755 1294 virtuto
772 1242 899 1307 paratum

142 1312 270 1382 Speravit
286 1331 401 1382 magnae
417 1300 492 1369 laudi
510 1316 577 1370 fore.
612 1314 701 1379 ‘Quid
718 1314 806 1367 simile
824 1313 870 1367 isti

142 1389 265 1444 Graecus
283 1390 462 1460 Aristippus?
480 1391 528 1461 qui
546 1407 638 1445 servos
655 1390 790 1460 projicere
808 1404 904 1442 aurum
964 1403 997 1443 loa

142 1464 178 1518 In
195 1465 287 1519 media
301 1465 387 1534 jussit
404 1466 497 1536 Libya,
515 1468 580 1535 quia
597 1466 704 1520 tardius
721 1466 794 1520 irent

142 1541 261 1610 Propter
278 1558 345 1595 onus
363 1558 467 1611 segnes.
502 1544 576 1598 Uter
592 1545 636 1597 cst
652 1542 772 1595 insanior
788 1541 886 1594 horum
895 1539 914 1595 l’

141 1616 189 1669 Nil
206 1617 265 1685 agit
282 1618 447 1688 exemplum,
465 1619 543 1673 litem
560 1619 635 1689 quod
652 1619 702 1672 lite
719 1617 839 1672 resolvit.

141 1692 172 1746 Si
189 1694 250 1762 quis
268 1697 343 1748 emat
360 1694 487 1763 citharas,
504 1699 612 1764 emptas
629 1697 782 1763 comportet
798 1693 828 1746 in
845 1709 938 1761 uuum,

141 1769 168 1822 N
170 1786 201 1823 cc
219 1769 310 1824 studio
329 1769 450 1825 citharae
467 1788 518 1825 nec
535 1770 633 1825 Musae
650 1770 762 1824 deditus
779 1769 846 1835 ulli;
962 1784 996 1825 los

141 1844 171 1899 Si
190 1846 295 1913 scalpra
313 1849 343 1899 et
358 1846 461 1899 formas
477 1863 531 1899 nou
550 1849 634 1913 sutor,
652 1846 762 1899 nautica
778 1845 840 1898 vela
880 1881 882 1884 -

143 1921 265 1974 Aversus
282 1921 460 1975 mercaturis:
479 1921 584 1975 dclirus
600 1924 631 1975 et
647 1937 742 1974 amens

141 1996 273 2065 Undique
291 1996 399 2050 dicatur
415 1996 521 2051 merito.
558 1996 611 2061 Qui
629 1995 767 2064 discrepat
783 1994 846 2048 istis

142 2071 196 2135 Qui
213 2088 339 2125 nummos
356 2087 508 2141 aurumque
524 2071 657 2139 recondit,
675 2071 782 2125 nescius
799 2069 841 2124 uti

142 2146 313 2216 Compositis,
331 2150 511 2216 metuensque
528 2147 605 2201 velut
621 2147 777 2215 contingere
796 2148 922 2201 memmi
961 2160 995 2201 110

141 2222 171 2276 si
188 2224 250 2293 quis
267 2224 304 2279 ad
321 2223 462 2292 ingentem
478 2223 610 2278 frumenti
628 2239 735 2292 semper
752 2239 880 2278 acervum

142 2298 287 2353 Porrectus
304 2299 400 2367 vigilet
416 2315 479 2353 cum
495 2298 577 2368 longo
593 2299 674 2367 fuste,
691 2316 782 2370 neque
799 2300 876 2354 illinc

141 2374 253 2430 Audeat
270 2376 393 2430 esuriens
411 2375 537 2430 dominus
554 2376 713 2443 contingere
731 2391 855 2443 granum,

141 2450 184 2503 Ac
200 2451 291 2521 potius
308 2451 380 2504 foliis
396 2467 495 2521 parcus
512 2453 639 2504 vescatur
655 2452 770 2516 amaris3

141 2525 170 2579 si
187 2526 283 2594 positis
300 2526 376 2581 intus
394 2526 455 2580 Chii
471 2526 628 2595 veterisque
646 2527 756 2581 Falerni
959 2540 992 2581 no

141 2598 217 2655 Mille
235 2602 413 2656 cadis-nihil
431 2606 482 2669 est,
498 2605 653 2657 tercentum
670 2601 888 2657 millibus-acre

142 2673 224 2730 Potet
240 2681 363 2744 acetum;
380 2694 439 2746 age,
457 2679 481 2731 si
499 2681 529 2732 et
546 2678 705 2733 stramentis
722 2677 843 2747 incubet,
858 2676 945 2732 unde·

141 2749 286 2820 Octoginta
302 2768 387 2806 annos
404 2757 493 2821 natus,
511 2754 555 2808 cui
573 2753 696 2821 stragrda
711 2755 803 2819 vestis,

141 2825 295 2881 Blatterum
312 2844 344 2882 ac
360 2828 496 2883 tinearum
513 2830 623 2899 epulae,v
634 2833 774 2899 putrescat
791 2831 821 2883 in
838 2846 914 2884 arca:

140 2900 278 2957 Nimirum
294 2903 405 2958 insanus
421 2905 515 2973 paucis
532 2905 666 2973 videatur,
684 2922 718 2960 eo
735 2905 811 2976 quod
957 2919 990 2959 rao

140 2975 261 3033 Maxima
277 2994 342 3048 pars
359 2979 498 3035 hominum
515 2980 612 3034 morbo
625 2981 748 3049 jactatur
765 2981 871 3034 eodem.

139 3051 225 3107 Filius
241 3060 290 3110 aut
307 3055 391 3109 etiam
408 3055 476 3110 haec
492 3056 609 3111 libertus
626 3061 659 3112 ut
675 3058 769 3112 ebibat
786 3056 874 3124 heres,

138 3130 189 3186 Dis
206 3130 315 3186 inimice
333 3147 425 3203 senex,
442 3132 583 3190 custodiet
619 3132 645 3186 N
647 3150 663 3187 c
680 3133 733 3188 tibi
750 3133 843 3188 desit?

139 3204 307 3328 Quarlrtulum
324 3206 398 3261 enim
416 3222 538 3263 summae
554 3208 676 3263 nutabit
693 3209 809 3279 quisque
826 3208 941 3275 dierum,
