2275 3550
412 192 669 250 EPISTOLARUM
687 194 724 242 ΙΙ.
746 192 767 244 l.
971 196 1013 243 191

163 272 230 328 Mox
247 273 369 328 trahitur
385 272 512 327 manibus
530 290 626 341 regrmr
642 274 752 327 fortuna
769 276 888 342 retortis,

163 349 269 403 Esseda
285 349 425 416 festinant,
443 349 556 418 pilenta,
573 349 715 417 petorrita,
732 366 823 417 nauca,

163 425 309 494 Captivum
326 428 454 495 portatur
472 424 547 492 ebur,
566 425 675 492 captiva
693 425 849 486 Corinthus.

163 500 193 555 Si
211 501 283 555 foret
300 501 330 554 in
348 502 431 554 torris
448 501 553 554 rideret
572 500 753 567 Democritus,
771 517 821 554 seu

163 576 309 630 Diversum
328 577 439 630 confusa
455 592 541 643 genus
559 576 696 644 panthera
712 577 823 644 carnelo,
985 589 1019 629 na

163 652 227 706 Sive
244 653 356 722 elephas
373 650 452 706 albus
470 652 544 720 vulgi
562 655 736 706 converteret
752 669 815 717 ora;

162 728 310 796 spectaret
326 728 455 797 populum
473 726 545 780 ludis
563 727 696 781 attentius
712 729 786 796 ipsis,

162 803 204 858 Ut
221 804 274 858 sibi
291 804 469 873 praebentem
487 804 570 856 mimo
589 801 742 872 spectacula
759 804 853 872 plura;

145 879 316 948 -Scriptores
332 884 554 936 autemnarrare
572 883 684 948 putaret
700 879 785 933 asello

163 954 304 1009 Fabellam
322 956 412 1009 surdo.
447 955 474 1008 N
476 972 520 1008 am
539 972 610 1024 quae
627 955 786 1023 pervincere
804 971 885 1009 voces
984 968 1019 1007 ao

163 1031 303 1086 Evaluero'
315 1048 411 1085 sonum
428 1032 552 1084 referunt
571 1047 653 1099 quem
671 1035 765 1084 nostra
781 1031 905 1084 theatrat

107 1135 112 1144 ·
163 1106 320 1174 Garganum
337 1106 444 1173 mugire
461 1110 543 1175 putes
559 1122 657 1159 nemus
673 1109 723 1160 aut
740 1122 815 1159 mare
833 1106 958 1173 Tuscum,

163 1182 251 1235 Tanto
268 1199 333 1235 cum·
348 1182 466 1250 strepitu
484 1181 543 1234 ludi
560 1185 720 1248 spectantur
738 1185 768 1235 et
783 1185 859 1235 artes

163 1256 338 1326 Divitiaeque
356 1257 524 1325 peregrinae,
543 1256 644 1325 quibus
661 1256 763 1310 oblitus
780 1261 857 1311 actor
909 1293 910 1296 η

163 1331 233 1386 (lum
251 1333 331 1386 stetit
348 1332 377 1384 in
396 1348 476 1385 scena
493 1331 631 1385 concurrit
649 1331 765 1386 dextera
782 1333 883 1387 laevae.
979 1347 1017 1386 ron

163 1409 242 1463 Dixit
259 1409 348 1463 adhuc
366 1408 488 1476 aliquid?
524 1407 571 1462 Nil
591 1425 662 1463 sane.
698 1408 771 1473 Quid
787 1409 878 1478 placet
896 1410 978 1476 ergol

163 1484 239 1539 Lana
257 1483 404 1553 Tarentino
422 1483 506 1537 riolas
524 1483 632 1537 imitata
649 1501 762 1538 veneno.

163 1562 207 1614 Ac
224 1577 259 1614 ne
276 1559 349 1614 forte
367 1563 448 1628 putes
465 1575 510 1613 me
528 1576 601 1627 quae
616 1560 707 1626 facere
723 1561 782 1629 ipse
800 1577 922 1615 recusem

164 1636 234 1690 Cum
251 1639 327 1690 recte
345 1639 466 1689 tractent
483 1635 529 1688 alii
547 1635 660 1690 laudare
677 1636 809 1705 maligne:

164 1711 216 1766 Ille
233 1728 284 1779 per
302 1715 445 1766 extentum
462 1712 556 1765 funem
574 1711 641 1764 mihi
658 1728 738 1780 posse
756 1712 867 1766 ridetur
986 1729 1021 1767 aro

163 1788 210 1842 Ire
227 1792 317 1858 potita,
335 1804 426 1841 meum
444 1788 492 1856 qui
509 1791 606 1855 pectus
623 1788 742 1841 inaniter
759 1790 844 1856 angit,

131 1930 133 1933 Ι
163 1865 269 1929 Irritat,
287 1862 397 1930 mulcet,
413 1862 490 1915 falsis
507 1863 660 1916 terroribus
677 1862 781 1931 implet,

163 1940 205 1994 Ut
222 1956 326 2008 magus,
345 1942 374 1992 et
392 1937 474 1991 modo
491 1954 536 1991 me
555 1937 664 2003 Thebis,
682 1939 765 1992 modo
782 1940 860 2008 ponit
879 1942 1005 1997 Athenis,

163 2014 270 2068 Verum
287 2031 339 2082 age
356 2013 446 2067 ethis
463 2013 510 2082 qui
528 2030 558 2066 se
576 2013 672 2066 lectori
690 2017 804 2069 credere
821 2015 927 2069 malunt

165 2090 252 2155 Quam
271 2089 432 2159 spectatoris
449 2088 560 2142 fastidia
577 2088 651 2143 ferre
669 2091 779 2159 superbi
982 2106 1019 2146 aa

164 2167 266 2222 Curam
283 2165 371 2220 redde
388 2164 508 2232 brevem,
527 2165 550 2218 si
568 2181 668 2219 munus
686 2167 814 2235 Apolline
831 2166 944 2236 dignum

164 2241 216 2296 Vis
233 2241 369 2310 complere
387 2240 465 2293 libris
483 2244 513 2294 et
530 2241 639 2294 vatibus
657 2241 761 2295 addere
779 2243 875 2311 calcar,

164 2317 205 2372 Ut
223 2317 315 2371 studio
332 2316 438 2384 majore
454 2320 551 2385 petant
569 2316 704 2371 Helicona
720 2318 862 2373 virentem

165 2393 255 2448 Multa
272 2392 384 2471 quidem
401 2391 480 2445 nobis
497 2392 611 2446 facimus
628 2393 700 2447 mala
718 2410 801 2464 saepe
818 2399 924 2465 poetae,

166 2469 216 2536 (Ut
232 2466 325 2522 vineta
342 2471 451 2536 egomet
469 2467 582 2521 caedam
599 2471 678 2535 mea)
697 2474 789 2524 cumt
777 2471 828 2524 tibi
845 2472 945 2526 librum
984 2489 1020 2554 rao
1066 2535 1073 2545 ,

89 2576 94 2584 ·
166 2545 287 2599 Sollicito
305 2544 402 2598 damus
419 2547 468 2598 aut
485 2544 573 2608 fess03
589 2560 652 2598 cum
668 2545 804 2600 laedimur
820 2564 905 2601 unum

166 2620 195 2674 si
213 2618 276 2690 quis'
292 2619 439 2672 amicorum
458 2623 500 2673 est
517 2635 601 2673 ausus
617 2620 819 2688 reprehendere
836 2640 960 2689 versum;

166 2695 236 2750 (lum
253 2694 337 2748 loca
324 2711 384 2762 Jam
402 2696 518 2749 recitata
535 2694 698 2749 revolvimus
715 2697 873 2765 irrevocati3

167 2770 236 2825 (lum
253 2770 434 2823 lamentamur
451 2785 505 2822 non
522 2787 655 2839 apparere
673 2772 780 2826 labores

165 2845 282 2900 Nostros
300 2849 330 2899 et
347 2846 424 2898 tenui
444 2846 563 2900 deducta
580 2851 706 2914 poemata
724 2848 784 2915 tilo;
984 2871 1019 2910 ιιι

165 2910 235 2976 (lum
253 2937 395 3010 speramus
413 2937 445 2974 eo
463 2938 521 2974 rem
539 2924 683 2975 venturam
701 2927 733 2977 ut
721 2924 831 2978 tsimul
849 2928 933 2993 atque

165 2996 293 3051 Carmina
311 2996 435 3050 rescieris
452 3013 502 3049 nos
520 2997 625 3065 tingere
643 3000 800 3053 commodus
817 3000 859 3055 ult
847 3006 890 3055 tro

165 3075 305 3140 Arcessas,
325 3066 354 3126 et
372 3088 453 3140 egere
471 3077 556 3140 vetes,
574 3076 603 3126 et
621 3074 740 3127 scribere
758 3092 845 3143 cogas.

164 3148 220 3204 Sed
233 3151 331 3215 ,tamen
350 3152 394 3201 est
411 3164 510 3216 operae
527 3149 648 3217 pretium
666 3165 835 3216 cognoscere,
854 3151 949 3220 quales

164 3223 302 3278 Aedituos
318 3222 419 3276 babeat
436 3221 501 3277 belli
519 3227 643 3293 spectata
660 3224 789 3296 domique
