2275 3550
119 233 150 281 64

394 229 548 280 HORATII
564 229 696 280 FLACCI

489 375 597 432 XXVI.

254 459 323 513 Vm
340 457 438 527 puellis
454 474 544 527 uuper
560 459 676 513 idoneus

254 534 292 587 Et
308 531 423 588 militavi
439 550 494 587 non
512 535 572 588 sinc
590 535 693 602 gloria3

287 608 369 662 Nunc
385 625 462 662 arma
479 608 695 676 defunctumque
711 606 785 662 bello
835 604 838 609 ’

323 683 458 737 Barbitcn
475 684 519 737 hic
536 684 629 752 paries
646 683 768 749 habebit,

253 758 375 813 Laevum
392 760 514 813 marinae
532 760 580 829 qui
598 759 716 827 Veneris
733 759 806 813 latus

255 834 391 889 Custodit.
427 834 481 888 Hic
498 835 543 889 hic
559 834 654 903 ponite
671 834 765 888 lucida
834 906 837 907 ⁷

289 909 404 964 Funalia
421 914 451 965 et
466 914 558 965 vectes
576 914 701 979 etarcus

323 985 463 1055 Oppositis
479 986 584 1039 foribus
601 985 727 1040 minaces.

255 1061 280 1116 Ο
299 1079 371 1132 quae
388 1062 497 1116 beatam
515 1061 580 1115 diva
597 1064 677 1115 tenes
696 1062 816 1129 Cyprum
832 1062 863 1113 ct

240 1137 397 1207 ¹Memphin
414 1140 552 1192 carentem
571 1137 695 1191 Sithonia
710 1137 781 1205 nive,
834 1214 836 1219 Ι

288 1214 401 1282 Regina,
419 1213 529 1267 sublimi
546 1213 653 1281 flagello

323 1290 415 1359 'Pange
433 1290 537 1344 Chloen
555 1289 640 1344 semel
656 1290 839 1361 arrogantem

476 1423 602 1479 XXVII.

253 1504 353 1560 limos
369 1521 468 1573 parrae
485 1504 635 1559 recinentis
652 1504 741 1558 omen*

252 1580 344 1635 Ducat
360 1583 390 1634 et
406 1596 558 1649 praegnans
575 1580 650 1633 canis
666 1583 716 1653 aut
733 1579 769 1634 ab
786 1596 853 1649 agro

254 1655 331 1710 Rara
348 1655 496 1709 decurrens
512 1656 577 1724 lupa
595 1655 736 1709 Lanuvino

287 1732 409 1802 Fctaque
426 1731 530 1802 vulpes.

252 1807 374 1877 Rumpat
391 1812 420 1863 et
437 1824 550 1878 serpens
566 1809 622 1863 iter
637 1807 795 1868 institutum

252 1885 282 1939 Si
298 1902 350 1954 per
367 1885 506 1954 obliquum
524 1885 620 1939 similis
638 1885 757 1952 sagittae

206 2033 208 2038 ,
252 1960 363 2017 Terruit
379 1960 507 2016 mannos:
525 1978 577 2030 ego
593 1961 637 2016 cui
653 1961 759 2015 timebo

285 2037 420 2112 Providus
437 2054 547 2107 auspex,

252 2114 410 2182 Antequam
428 2116 533 2167 stantes
550 2115 660 2181 repetet
676 2113 792 2181 paludes

178 2213 183 2222 ·
251 2188 387 2242 Imbn'um
404 2188 497 2241 divina
513 2188 572 2241 avis
588 2189 786 2255 immineutum,

250 2262 378 2316 Oscinem
395 2278 506 2315 corvum
522 2278 604 2329 prece
621 2262 758 2316 suscitabo

286 2338 356 2392 Solis
372 2336 408 2390 ab
425 2341 496 2390 ortu

250 2412 294 2467 Sis
310 2412 375 2466 licet
391 2411 458 2466 felix
475 2411 630 2481 ubicrmque
647 2411 741 2480 mavis,

251 2488 289 2542 Et
305 2504 410 2541 mernor
426 2488 521 2555 nostri,
540 2488 663 2555 Galatea,
681 2488 763 2555 vivas,

250 2563 344 2633 Teque
360 2580 412 2618 nec
428 2563 522 2616 laevus
538 2566 617 2617 vetet
633 2564 675 2617 ire
691 2562 769 2632 picus

277 2640 304 2693 N
306 2656 338 2693 ec
353 2656 423 2708 vaga
439 2639 540 2692 cornix.

250 2714 307 2769 Sed
323 2715 401 2768 uides
418 2717 520 2783 quanto
536 2713 660 2783 trepidet
676 2713 796 2769 tumultu

250 2791 356 2845 Pronus
374 2790 466 2844 Orion.
501 2790 561 2859 Ego
578 2790 647 2860 quid
664 2790 701 2844 sit
718 2794 779 2843 ater

239 2863 374 2924 vHadriae
392 2867 456 2920 novi
474 2866 550 2919 sinus
568 2866 684 2936 etquid
701 2866 780 2920 albus

284 2944 383 2998 Pcccet
401 2943 495 3011 Iapyx.

251 3019 382 3073 Hostium
399 3034 499 3072 uxores
516 3018 649 3087 puerique
666 3034 760 3072 caecos

250 3094 378 3150 Sentiant
394 3098 485 3147 motus
502 3093 616 3147 orientis
635 3094 732 3147 Austri
751 3096 780 3148 et

249 3170 387 3239 Aequoris
403 3168 634 3237 nigritremitum
651 3173 682 3223 ct
698 3171 848 3224 trementes

283 3245 407 3302 Verbere
424 3246 506 3314 ripas.
