2275 3550
416 199 563 249 EPODON
579 200 698 262 LIBER,
718 200 756 253 17.
962 202 1008 250 103

224 280 371 349 Neptunus
388 279 445 333 alto
461 281 554 335 tundit
572 280 703 333 hibernus
721 279 786 336 salo.
984 293 1009 335 ee

226 355 334 409 Inultus
351 359 384 409 ut
400 357 434 408 tu
451 355 545 409 riseris
563 356 687 422 cotyttia

225 429 352 498 Vulgata,
371 446 477 484 sacrum
494 430 575 484 liberi
593 430 743 499 Cupidinis,

224 504 263 558 Et
280 505 414 574 Esquilini
431 506 555 575 pontifex
572 505 687 559 venefici

226 579 344 649 Impune
361 584 394 635 ut
411 579 517 634 Urbem
534 581 644 635 nomine
660 579 782 649 impleris
799 583 879 636 meo!

225 654 299 718 Quid
315 656 447 724 proderat
465 655 568 710 ditasse
587 655 714 723 Pelignus
731 670 806 723 anuis,

224 730 386 784 velociusve
403 730 544 784 miscuisse
560 731 699 785 toxicum?

224 804 281 859 Sed
297 805 419 858 tardiora
436 806 494 859 fata
511 809 541 871 te
558 806 631 860 votis
648 808 777 860 manent:

225 880 338 948 Ingrata
354 881 454 934 misero
471 880 529 935 vita
546 880 673 935 ducenda
689 886 732 935 est
749 881 779 933 in
796 878 849 936 hoc

224 954 251 1008 N
253 955 310 1009 ovis
327 960 464 1025 utusque
482 959 612 1025 suppetas
629 956 775 1010 laboribus.

224 1029 311 1100 Optat
328 1031 449 1098 quietem
468 1032 578 1100 Pelopis
593 1031 673 1084 infidi
690 1034 778 1100 pater,

224 1105 314 1173 Egens
332 1105 466 1174 benignae
484 1106 614 1159 Tantalus
632 1122 740 1174 semper
757 1103 824 1174 dapi

225 1179 312 1249 Optat
331 1180 512 1234 Prometheus
530 1179 667 1248 obligatus
684 1181 752 1249 aliti,

227 1253 314 1324 Optat
332 1271 460 1323 supremo
478 1254 610 1309 collocare
628 1255 760 1323 Sisyphus

226 1329 260 1383 In
277 1333 370 1384 monte
389 1347 501 1397 saxum;
525 1330 575 1384 sed
592 1333 689 1384 vetant
704 1331 782 1400 leges
800 1332 885 1388 Jovis

225 1404 309 1460 Voles
326 1405 407 1458 modo
424 1406 487 1459 altis
505 1405 616 1460 desilire
633 1406 764 1474 turribus,

224 1480 309 1535 Modo
326 1497 391 1535 ense
407 1485 504 1549 pectus
522 1481 622 1535 Norico
639 1481 791 1548 recludere,

225 1555 393 1626 Frustraque
410 1556 497 1611 vincla
513 1557 620 1625 gutturi
637 1559 732 1610 nectes
749 1561 799 1611 tuo

227 1632 380 1686 Fastidiose
397 1633 486 1687 tristis
504 1633 680 1700 aegiimonia.

152 1730 154 1735 ’
177 1726 179 1729 ·
225 1706 363 1761 Vectabor
379 1708 500 1762 humeris
517 1712 585 1763 tunc
603 1725 653 1776 ego
670 1705 788 1761 inimicis
806 1721 898 1776 eques,

224 1782 360 1852 Meaeque
377 1787 453 1838 terra
470 1784 556 1844 cedet¹
567 1784 737 1838 insolentiae.

226 1859 272 1916 An
289 1874 360 1927 quoe
377 1874 486 1912 movere
504 1875 598 1912 ocreas
615 1859 757 1926 imagines,

225 1932 267 1987 Ut
283 1932 343 2001 ipse
360 1932 434 1986 nosti
450 1933 579 1996 curiosus,
597 1937 626 1986 et
643 1933 706 2001 polo

226 2006 361 2075 Deripere
379 2007 471 2061 lunam
489 2007 602 2061 vocibus
618 2007 721 2075 possim
737 2004 815 2078 meis,

182 2099 186 2106 ’
228 2081 333 2138 Possim
350 2086 484 2136 crematos
501 2082 622 2136 excitare
638 2088 763 2138 mortuos

226 2155 408 2226 Desiderique
424 2160 580 2227 temperare
596 2158 701 2227 pocula,
889 2207 896 2224 ,

226 2230 337 2288 Plorem
354 2232 423 2289 artis
439 2232 470 2288 in
487 2235 518 2288 te
534 2232 575 2288 nil
584 2232 700 2312 ,aganus
716 2231 825 2297 esium
