2275 3550
59 167 62 172 ’
131 189 177 239 nc
404 179 560 231 nouum
576 182 708 231 resecr

130 266 168 321 ut
184 263 259 319 viret
276 262 353 334 puris
369 259 498 315 munibus
514 264 671 316 contemnat
687 275 846 329 utrumque.

129 340 172 395 Ut
189 340 226 393 sis
243 344 276 393 tu
294 338 388 392 similis
406 339 482 392 Caeli
501 336 629 406 Birrique
645 337 793 405 latronum,

131 416 194 471 Non
212 432 263 483 ego
281 431 341 467 sum
359 414 441 482 Capri
458 430 549 481 neque
567 412 656 467 Sulci:
674 430 723 466 cur
739 417 850 467 metues
867 416 928 471 mel
962 432 989 475 te

131 491 215 546 Nulla
231 490 348 544 taberna
364 505 440 542 meos
457 488 558 542 habeat
575 505 666 558 neque
682 489 740 558 pile
756 488 874 559 libellos,

132 567 200 631 Quis
216 581 312 619 manus
330 564 442 618 insudet
459 563 533 631 vulgi
551 564 791 634 Hermogenisque
811 565 926 634 Tigelli:

132 640 191 697 Nec
207 642 293 696 recito
311 641 437 708 cuiquam
453 639 507 693 nisi
523 640 623 707 amicis,
641 641 726 708 idque
744 644 862 711 coactus,

131 720 159 773 N
160 736 195 772 on
212 716 302 771 ubivis
320 732 443 771 coramve
460 715 636 783 quibuslibet.
671 716 706 769 In
722 718 814 771 medio
832 718 880 786 qui

133 794 242 863 Scripta
259 794 318 847 foro
338 791 457 845 recitent
475 794 539 845 sunt
557 792 638 845 multi
657 792 759 862 quique
776 786 913 850 lavantes:
962 812 989 854 τε

133 871 221 925 Sueve
239 871 313 924 locus
332 868 391 922 voci
411 868 521 920 resonet
539 867 686 920 conclusus.
723 867 823 921 Iuenos
1029 871 1040 886 ⁸

133 946 195 1000 Hoc
209 946 296 1013 juvet,
314 942 390 996 haud
409 942 476 995 illud
495 945 668 1010 quaerentes,
687 958 752 995 num
770 943 830 996 siue
848 949 937 1013 sensu,
1008 938 1013 950 ’

133 1021 266 1090 Tempore
282 1036 348 1072 num
366 1018 467 1072 facient
487 1017 582 1071 alieno.
618 1017 766 1073 “haedere
786 1019 914 1087 gaudes,”

134 1096 237 1167 Inquit,
256 1095 308 1150 “et
326 1095 377 1148 hoc
396 1093 487 1149 studio
504 1109 612 1161 pravus,
624 1093 711 1148 facis?
746 1094 829 1149 Unde
846 1095 965 1163 petitum

134 1171 196 1226 Hoc
214 1172 243 1225 in
263 1187 307 1224 me
320 1170 410 1238 jaeisl
445 1169 497 1223 Est
514 1172 609 1222 auctor
627 1169 689 1237 quis
707 1168 826 1239 denique
844 1186 939 1224 eorum
960 1187 986 1226 so

18 1282 22 1287 -
134 1247 200 1301 Vixi
219 1264 281 1301 cum
300 1244 417 1316 quibusl
453 1245 606 1299 Absentem
618 1244 672 1314 qui
690 1245 766 1299 rodit
784 1246 916 1313 emicum3

135 1324 188 1387 Qui
205 1331 259 1377 non
280 1321 405 1376 defendit
423 1321 476 1375 elic
496 1321 638 1389 erdpeute;
657 1320 760 1374 solutos

135 1399 188 1462 Qui
206 1400 299 1467 captat
313 1398 385 1450 risus
403 1396 542 1449 hominum
559 1395 715 1464 famamque
733 1395 848 1462 dicacis3

135 1474 252 1542 Fingere
271 1472 318 1540 qui
338 1489 392 1525 non
410 1471 468 1524 vise
485 1473 594 1540 potest3
612 1471 755 1524 commissa
771 1474 865 1526 tacere

136 1550 188 1614 Qui
206 1548 316 1616 nequit;
334 1547 379 1600 hie
397 1545 476 1613 niger
490 1549 540 1613 est,
551 1546 626 1599 hunc
642 1549 681 1613 tu,
695 1546 825 1615 Romane,
832 1551 940 1603 cereto.
961 1565 987 1605 85

135 1626 222 1694 Saepe
242 1624 330 1678 tribus
348 1620 427 1675 lectis
445 1619 540 1675 videas
558 1637 675 1675 coenare
694 1626 848 1692 quetemos,

135 1700 273 1770 liquibus
291 1715 361 1752 unus
380 1700 455 1751 emet
475 1696 570 1765 quavis
589 1696 754 1765 adspergere
773 1703 884 1753 cunctos
907 1748 909 1752 ,

135 1778 250 1832 Praeter
258 1793 320 1830 eum
327 1774 374 1844 qui
381 1773 497 1843 praebet
504 1790 619 1842 aquam
629 1777 692 1843 post
699 1774 772 1828 hunc
781 1792 890 1845 quoquc
897 1777 986 1844 potus,

135 1852 251 1907 Condita
268 1870 331 1907 cum
350 1867 434 1906 verax
452 1850 541 1919 aperit
560 1850 720 1918 praecordia
739 1851 829 1906 Liber.

136 1928 190 1983 Hic
207 1929 260 1983 tibi
278 1927 362 1982 comis
380 1929 409 1980 ct
427 1926 548 1980 urbanus
568 1925 693 1994 liberque
711 1925 830 1995 videtur,
962 1941 986 1981 eo
1067 1967 1070 1971 -

136 2005 239 2059 Infesto
259 2004 351 2071 nigris.
386 2003 445 2070 Ego
465 2003 489 2056 si
507 2000 556 2054 risi
575 2001 650 2071 quod
670 2001 781 2071 ineptus
826 2011 831 2019 ‘

136 2080 261 2134 Pastillos
281 2079 398 2132 Rufillus
418 2078 481 2144 olet,
501 2078 654 2144 Gergouius
672 2076 786 2145 hircum,

135 2154 248 2207 Lividus
266 2156 296 2207 et
313 2153 427 2206 mordax
445 2152 540 2204 videor
557 2151 627 2204 cibit
662 2151 769 2205 Mentio
787 2151 811 2204 si
831 2168 887 2220 que

135 2230 178 2282 De
198 2227 343 2295 Capitolini
362 2226 443 2278 furtis
461 2225 565 2292 injectu
584 2223 676 2277 Petilli

134 2304 173 2357 Te
192 2318 282 2356 eorem
299 2299 391 2366 fuerit,
410 2298 544 2351 defendas
562 2301 596 2351 ut
615 2301 679 2351 tuus
700 2302 745 2352 est
762 2314 836 2353 mos:
962 2318 989 2358 ot

134 2377 204 2431 “Me
220 2374 387 2444 Capitolinus
403 2373 556 2427 convictore
576 2389 643 2426 usus
660 2373 803 2443 amicoque

134 2454 161 2507 A
180 2468 265 2522 puero
284 2453 334 2517 est,
352 2464 487 2517 causaque
506 2465 569 2502 mee
589 2447 727 2516 permulta
745 2452 859 2516 rogetus

134 2528 219 2592 Fecit,
234 2530 264 2580 et
281 2525 421 2579 incolumis
438 2525 526 2579 laetor
543 2524 618 2593 quod
634 2524 702 2579 vivit
719 2525 748 2578 iu
765 2525 850 2591 urbe;

134 2603 190 2658 Sed
207 2607 299 2657 temen
316 2601 444 2668 admiror,
463 2617 517 2670 quo
533 2604 614 2668 paolo
627 2599 763 2668 judicium
780 2601 850 2655 illud

134 2678 270 2748 Fugerit?
307 2675 362 2730 Hic
379 2677 473 2744 nigrae
491 2693 587 2731 succus
603 2676 729 2744 loliginis,
746 2677 814 2731 haec
831 2681 876 2732 est
953 2693 987 2732 loc

134 2757 245 2823 Aerugo
261 2769 344 2807 mere.
380 2753 460 2817 Quod
477 2752 574 2807 vitium
591 2753 685 2822 procul
703 2754 778 2808 afore
796 2753 898 2807 chartis
915 2805 918 2807 ,

134 2834 230 2901 Atque
246 2830 337 2884 animo
353 2828 437 2898 prius,
455 2829 488 2882 ut
505 2830 528 2882 si
546 2829 615 2898 quid
633 2830 794 2896 promittere
813 2830 849 2883 de
866 2845 911 2884 me

134 2908 249 2961 Possum
266 2905 341 2959 eliud
358 2920 429 2972 vere,
447 2905 586 2973 promitto.
621 2904 747 2959 Liberius
765 2905 789 2958 si

133 2983 237 3037 Dixere
255 2982 329 3051 quid,
347 2980 370 3034 si
387 2980 458 3034 forte
471 2980 600 3062 jpcosius,
616 2980 668 3034 hoo
686 2981 752 3034 mihi
766 2979 839 3048 juris

133 3057 203 3111 (lum
220 3058 299 3111 venie
316 3054 408 3110 dabis:
427 3055 545 3109 insuevit
562 3060 643 3128 pater
660 3057 780 3124 optimus
797 3056 849 3109 hoc
865 3071 918 3123 me,
952 3069 986 3111 res

132 3132 174 3185 Ut
191 3134 314 3201 fugerem
332 3131 463 3200 exemplis
480 3131 609 3186 vitiorum
628 3148 754 3201 quaeque
771 3130 899 3184 notendo.

133 3205 203 3261 (ium
220 3223 265 3261 me
282 3208 447 3275 hortaretur,
464 3222 553 3277 perce,
571 3207 722 3275 frugaliter,
739 3209 823 3276 etque
