2275 3550
112 200 143 249 14
389 192 543 242 HORATII
561 190 693 241 FLAOOI

486 344 599 399 XVIII»

113 429 139 484 N
142 446 245 496 annau,
267 429 347 496 Vane,
366 443 443 483 saera
460 428 516 482 vite
534 429 612 497 prius
630 430 733 485 severis
750 429 876 486 arborem

114 505 194 559 Circa
211 504 279 558 mite
297 504 384 557 solum
402 504 510 557 Tiburis
527 509 557 559 et
575 506 682 559 moenia
700 506 791 560 Catili.

115 581 198 634 Siccis
216 580 306 634 omnia
323 596 386 632 nam
404 579 473 632 dura
491 580 559 634 deus
576 581 727 650 proposuit,
745 597 834 649 neque

115 656 261 713 Merdaces
279 656 360 709 aliter
377 655 524 724 diffugiunt
542 657 746 710 sollicitudines.

116 731 184 796 Quis
190 736 253 802 post
260 733 322 786 vina
333 748 444 800 manem
455 732 581 787 militiam
593 736 642 786 aut
654 720 812 801 padperiem
824 734 936 799 crepat?
956 746 969 785 5

116 808 185 872 Quis
199 826 253 861 non
267 812 297 862 te
308 809 407 875 potius,
421 808 527 861 Bacche
538 812 627 877 pater,
638 811 731 876 teque,
744 807 844 860 decens
856 807 968 860 Venus?

117 886 158 937 At
175 901 210 937 ne
228 884 289 952 quis
307 883 407 936 modici
425 884 561 937 transiliat
578 899 692 936 munera
711 882 805 935 Liberi

117 960 271 1014 Centaurea
288 963 383 1012 monet
400 975 461 1011 omn
480 958 603 1026 Lapithis
621 959 681 1011 rixa
699 975 782 1026 super
798 973 874 1010 mero

117 1035 270 1102 Dabellos,
289 1038 381 1087 monet
394 1034 531 1089 Sithoniis
548 1050 602 1087 non
619 1033 686 1087 levis
706 1034 798 1100 liuius,

117 1110 187 1164 (lum
205 1110 246 1163 las
263 1113 347 1178 atque
363 1110 440 1163 nefas
458 1109 555 1176 exigue
572 1110 627 1162 fine
644 1109 790 1162 libidinum
947 1122 970 1163 lo

117 1186 286 1240 Discernunt
303 1185 383 1238 avidi.
420 1185 482 1238 Non
500 1201 551 1252 ego
568 1188 605 1252 te,
623 1184 739 1238 candide
758 1184 900 1253 Bassareu,

117 1262 241 1316 Invitum
259 1261 388 1329 quatiam,
405 1276 456 1313 nec
472 1260 554 1313 variis
572 1259 661 1313 obsita
677 1258 821 1333 frondibus

117 1337 175 1392 Sub
193 1339 288 1392 diuam
305 1337 417 1405 rapiam.
452 1334 539 1388 Saeva
556 1337 622 1387 tene
640 1351 702 1388 cum
721 1335 882 1402 Berecyntio

118 1414 209 1468 Cornu
227 1419 362 1482 tympana,
381 1427 450 1480 quae
469 1410 644 1478 subsequitur
662 1427 758 1464 caecus
777 1413 864 1464 Amor
880 1410 923 1464 sui
957 1470 961 1479 ι,

117 1489 155 1543 Et
172 1490 270 1543 tollens
288 1504 403 1541 vacuum
420 1486 482 1558 plus
499 1486 582 1539 nimio
601 1487 693 1540 Gloria
710 1487 848 1554 verticem,
946 1501 970 1543 lt

118 1567 276 1634 Aroanique
295 1561 378 1615 Fides
395 1560 517 1630 prodiga,
534 1560 701 1630 perlucidior
719 1560 798 1617 vitro.

504 1705 585 1761 XIX.

253 1790 360 1845 alanna
380 1805 461 1843 saera
479 1788 644 1857 Cupidinum

220 1866 419 1933 Thebanaeque
433 1863 516 1932 jubet
532 1880 577 1917 me
596 1864 717 1920 Semeles
734 1880 802 1933 puer

254 1941 291 1994 Et
309 1941 409 1994 lasciva
427 1939 550 1992 Licentia

220 2016 320 2070 Finitis
337 2015 456 2068 animum
474 2015 594 2068 reddere
611 2015 755 2072 amoribus.

254 2091 320 2144 Urit
337 2107 381 2143 me
399 2089 531 2158 Glycerae
549 2092 624 2143 nitor
955 2106 968 2144 s

205 2164 395 2235 vsplendentis
413 2164 494 2217 Pario
511 2181 647 2217 marmore
664 2166 775 2234 purius3

253 2240 319 2294 Urit
335 2243 415 2306 grata
430 2239 597 2310 protervitas

220 2315 257 2370 llt
274 2314 365 2368 vultus
381 2313 496 2374 nimium
512 2313 633 2367 lubricus
650 2312 760 2382 adspiei.

255 2390 289 2443 In
306 2405 350 2442 me
367 2392 427 2441 tota
444 2404 526 2441 ruens
544 2389 641 2442 Venus

221 2466 338 2535 cyprum
357 2464 485 2531 deseruit,
503 2480 555 2518 nec
572 2465 677 2533 patitur
694 2465 808 2535 Scythas
946 2489 971 2528 1⁰

255 2543 292 2595 Ilt
309 2541 394 2595 versis
411 2540 562 2593 animosum
580 2540 658 2609 equis

220 2618 353 2672 Parthum
371 2617 462 2670 dicere
479 2633 530 2669 nee
548 2633 618 2686 quae
636 2616 704 2670 nihil
722 2618 847 2675 attinent.

255 2694 310 2746 Hic
327 2693 419 2746 vivum
437 2692 503 2745 mihi
522 2693 678 2761 caespitem,
697 2693 742 2748 hie

220 2768 371 2838 Verbanus,
390 2768 476 2838 pueri,
494 2769 589 2838 ponite
606 2766 742 2836 thuraque

255 2845 327 2898 Bimi
345 2861 407 2904 cum
423 2848 520 2912 patera
536 2845 619 2899 meri:

220 2918 342 2976 Mactata
359 2919 452 2975 veniet
469 2918 556 2973 lenior
574 2918 669 2974 hostia.

512 3062 576 3118 XX.

221 3141 293 3199 an
310 3142 417 3211 potabis
434 3142 548 3197 modicis
566 3142 696 3199 Sabinum

221 3218 365 3273 Cantharis
383 3218 488 3272 Graeca
506 3219 580 3286 quod
597 3235 648 3287 ego
665 3220 724 3287 ipse
742 3222 817 3274 testa
