2275 3550
124 174 156 221 20
378 173 530 222 HORATII
549 171 679 220 FLACCI

241 251 347 308 Doctus
364 254 477 322 sagittas
494 252 611 307 tendere
629 250 736 305 Sericas
835 273 838 280 »

244 331 318 384 Areu
334 330 465 397 paterno?
501 328 568 392 Quis
585 329 668 393 neget
685 325 779 379 arduis
932 339 954 380 to

232 452 236 463 ,
276 403 378 457 Pronus
396 403 482 457 relabi
499 418 579 471 posse
596 402 669 454 rivos

310 479 452 532 Montibus
469 483 498 532 et
515 478 636 531 Tiberim
652 476 761 541 reverti,

129 596 132 601 »
243 553 312 608 (lum
329 557 361 607 tu
377 558 517 622 coemptos
534 552 656 621 undique
673 550 771 604 nobilis

244 628 339 682 Libros
357 628 472 682 Panaeti
490 627 656 683 Socraticam
673 629 703 680 et
721 626 832 681 domum

275 704 386 758 Mutare
403 704 494 758 loricis
513 702 627 757 Hiberis
933 713 956 755 ιε

311 778 451 834 Pollicitus
469 779 582 833 meliora
598 776 710 832 tendis?

244 1004 267 1058 O
286 1005 390 1069 Venus
406 1004 501 1072 regina
519 1004 601 1058 Ouidi
619 1002 768 1072 Papirique,

244 1080 348 1149 Sperne
365 1080 494 1134 dilectam
512 1081 627 1149 Cypron,
645 1084 675 1133 et
691 1076 813 1133 vocantis

244 1155 333 1210 Thure
350 1159 379 1210 te
396 1156 483 1209 multo
501 1155 632 1223 Glycerae
650 1154 796 1209 decoram‘

278 1231 407 1285 Transfer
423 1228 456 1284 in'
469 1232 575 1285 aedem.

245 1305 379 1360 Ferridus
396 1310 488 1361 tecum
505 1321 576 1375 puer
592 1308 622 1359 et
640 1303 736 1357 solutis
941 1314 955 1357 t

244 1381 356 1435 Gratiae
372 1381 448 1435 zonis
464 1383 666 1450 properentque
684 1378 827 1447 Nymphae

244 1456 282 1511 Et
298 1473 394 1524 parum
412 1456 495 1510 comis
513 1456 571 1509 sine
588 1458 619 1508 te
636 1453 771 1508 luventas

277 1532 492 1599 Mercuriusque.

477 1670 585 1725 XXXI.
615 1692 617 1695 ·

188 1747 192 1753 ’
244 1755 320 1833 Qurn
336 1753 493 1809 dedicatum
509 1753 599 1824 poscit
617 1752 774 1823 Apollinem

244 1832 350 1886 Vatesl
368 1829 436 1900 quid
454 1835 514 1884 orat
531 1830 567 1883 de
585 1834 682 1899 patera
698 1846 798 1883 norum

278 1906 408 1962 Fundens
425 1905 578 1976 liquorem?
614 1905 676 1959 Non
694 1904 799 1974 opimae

313 1981 456 2037 Sardiniae
473 1985 581 2050 segetes
598 1980 710 2047 feraces,

252 2057 280 2112 N
281 2074 316 2111 on
332 2062 473 2112 aestuosae
490 2061 570 2125 grata
588 2054 729 2110 Calabriae
945 2066 959 2109 t

246 2133 388 2199 Armenta,
406 2149 460 2185 uon
477 2148 574 2185 aurum
591 2135 640 2184 aut
657 2129 726 2183 ebur
745 2129 877 2198 Indicum,

278 2206 305 2261 N
306 2223 342 2260 on
359 2223 424 2260 rura
441 2223 511 2274 quae
530 2205 602 2258 Liris
619 2204 714 2273 quieta

313 2280 427 2335 Mordet
444 2297 516 2348 aqua
532 2280 687 2333 taciturnus
704 2280 797 2346 amnis,

245 2355 375 2411 Premant
393 2355 494 2409 Calena
510 2354 580 2407 falce
599 2353 698 2423 quibus
715 2353 795 2408 dedit

245 2433 366 2487 Fortuna
383 2430 475 2498 ritem,
493 2429 571 2483 dives
588 2432 618 2483 et
634 2429 724 2482 aureis
936 2442 960 2484 to

279 2506 418 2560 Mercator
435 2505 553 2559 exsiccet
570 2503 677 2557 culullis

314 2581 386 2635 Vina
404 2581 473 2651 Syra
489 2582 618 2650 reparata
634 2593 732 2646 merce,

245 2658 296 2712 Dis
313 2674 391 2711 carus
408 2656 482 2726 ipsis,
502 2656 603 2725 quippe
620 2658 665 2708 ter
682 2658 711 2707 et
729 2655 826 2721 quater

246 2734 327 2786 Anno
344 2732 467 2786 revisens
484 2747 587 2799 aequor
605 2728 788 2784 Atlanticum

280 2808 405 2876 Impune.
438 2806 486 2860 lie
503 2808 619 2875 pascunt
636 2804 730 2872 olivae,
937 2816 961 2859 ιε

314 2882 362 2937 Me
378 2881 501 2936 cichorea
518 2881 646 2949 levesque
663 2881 775 2935 malvae.

245 2958 312 3023 Frui
330 2958 432 3027 paratis
450 2962 479 3011 et
497 2956 587 3010 valido
604 2955 678 3023 mihi,

246 3035 340 3103 Letoi,
357 3035 443 3088 dones
460 3036 490 3087 et
506 3049 604 3101 precor
620 3032 729 3100 integra

281 3111 351 3165 (lum
368 3112 469 3176 mente,
487 3124 537 3162 nec
553 3110 665 3176 turpem
683 3109 821 3161 senectam

314 3184 423 3253 Degere
439 3199 490 3238 nec
507 3183 614 3237 cithara
629 3186 776 3238 carentem.
934 3197 960 3240 ro
1113 3255 1127 3286 Ι
