2275 3550
126 181 171 229 leo
405 179 559 232 HORATII
577 179 707 228 FLAccr

124 258 180 314 Hic
192 263 235 314 est
246 263 295 314 aut
306 276 440 328 nusquam
453 258 527 328 quod
536 259 701 329 quaerimus.
724 259 779 314 Hic
791 275 860 315 onus
871 259 985 327 horret,

124 335 165 390 Ut
182 336 273 404 parvis
291 335 388 388 animis
407 339 436 388 et
453 349 537 404 paruo
555 351 669 404 corpore
686 334 790 403 majus:
954 354 987 393 40

125 411 180 466 Hic
198 411 272 465 subit
289 415 319 464 et
336 411 448 479 perfert.
484 413 543 467 Aut
561 412 649 465 virtus
667 427 765 464 nomen
784 411 865 466 inane
883 416 935 481 cst,

124 490 185 540 Aut
203 487 286 540 decus
303 491 332 541 et
349 486 470 554 pretium
487 490 563 540 recte
581 487 654 555 petit
672 487 817 555 experiens
835 490 884 543 vir.

125 561 223 616 Coram
241 578 306 630 rege
324 578 372 615 suo
391 563 425 616 de
443 566 606 630 paupertate
623 563 749 617 tacentes

125 636 191 691 Plus
207 641 338 706 poscente
354 637 460 702 ferent3
481 638 567 691 distat
585 654 712 691 sumasne
730 639 869 707 pudenter

124 713 171 766 An
189 712 286 782 rapias.
321 712 411 782 Atqui
428 729 521 767 rerum
538 715 621 780 eaput
638 713 688 767 hoc
706 719 773 782 erat,
791 714 835 769 hic
853 716 920 770 fons.
953 731 983 771 45

125 788 278 841 “Indotata
296 787 364 841 mihi
382 805 459 842 soror
476 793 527 856 est,
546 789 713 858 paupercula
731 793 827 858 mater,

124 862 162 917 Et
179 863 280 917 fundus
299 881 349 917 nec
365 864 511 918 vendibilis
529 881 579 918 nee
597 880 709 933 pascere
727 865 844 934 firmus,'’

125 940 179 1004 Qui
197 940 272 1007 dicit,
290 940 397 1006 clamat,
418 940 550 994 “Victum
568 940 658 994 date.''
693 941 815 996 Succinit
832 941 916 999 alter:

125 1015 184 1070 “Et
202 1016 270 1069 mihi
289 1015 402 1069 dividuo
419 1016 540 1070 findetur
557 1032 671 1073 munere
689 1017 816 1085 quadra”

124 1090 181 1145 Sed
198 1092 391 1161 tacituspasci
409 1092 432 1144 si
449 1096 543 1160 posset
560 1109 657 1145 corvus
675 1092 793 1148 haberet
951 1108 977 1149 to

125 1164 191 1221 Plus
209 1167 287 1237 dapis
305 1169 334 1221 ct
351 1168 427 1220 rixae
445 1167 532 1221 multo
550 1168 641 1221 minus
658 1168 850 1237 invidiaeque..

125 1242 301 1297 Brundisium
319 1259 409 1297 comes
426 1246 475 1296 ant
492 1243 654 1296 Surrentum
667 1243 772 1297 'ductus
790 1261 940 1312 amoenum,

125 1318 178 1383 Qui
197 1319 323 1387 queritur
341 1318 460 1372 salebras
479 1321 508 1372 et
526 1318 655 1371 acerbum
672 1319 759 1386 frigus
778 1324 807 1373 et
824 1319 933 1387 imbres

125 1394 185 1447 Aut
204 1394 300 1447 cistam
318 1393 457 1447 effractam
476 1397 506 1446 et
524 1392 661 1447 subducta
680 1395 780 1449 viatica
796 1397 893 1465 plorat,

124 1468 199 1522 Nota
216 1468 303 1522 refert
320 1469 471 1522 meretricis
489 1469 621 1536 acumina,
640 1486 722 1538 saepo
741 1471 873 1536 catellam,
950 1487 973 1525 5⁵

125 1544 213 1613 Saepe
230 1544 420 1613 periscelidem
438 1548 545 1612 raptam
564 1544 618 1598 sibi
636 1545 734 1615 flentis,
752 1546 794 1600 uti
812 1563 874 1601 mox

62 1643 73 1652 ·
125 1619 208 1674 Nulla
226 1619 295 1672 fides
313 1619 419 1672 damnis
437 1620 565 1688 verisque
584 1620 724 1675 doloribus
741 1622 822 1676 adsit
847 1646 850 1651 ’

125 1695 152 1750 N
154 1712 185 1750 ee
205 1695 288 1749 semel
307 1695 403 1748 irrisus
421 1695 510 1749 triviis
528 1695 655 1749 attollere
673 1701 752 1751 curat
822 1706 824 1710 '

73 1840 75 1845 y
125 1770 225 1827 Fracto
242 1789 320 1826 crure
338 1771 457 1842 planum,
475 1771 540 1826 lieet
557 1771 597 1825 illi
614 1773 733 1843 plurima
750 1777 843 1829 manet

125 1847 258 1917 Lacrima,
274 1865 326 1918 per
345 1851 468 1902 sanctum
482 1848 594 1916 juratus
612 1848 686 1903 dieat
705 1849 820 1904 Osirim:
953 1871 974 1907 co

125 1923 262 1978 “Credite
279 1941 333 1978 non
350 1924 430 1989 ludo;
448 1924 580 1990 crudeles,
598 1923 688 1977 tollite
705 1924 853 1978 claudum?

126 1999 256 2066 “Quaere
273 2000 472 2071 peregrinum‚”
490 1999 587 2054 vicinia
604 2016 686 2053 rauca
703 2000 842 2056 reclamat.

497 2140 611 2199 XVIII.

110 2216 158 2281 vSr
174 2225 245 2280 bene
262 2227 292 2278 te
310 2224 372 2278 novi
389 2227 503 2290 metues,
522 2223 662 2278 liberrime
680 2223 757 2289 Lolli,

126 2299 281 2354 Scurrantis
299 2299 417 2367 speciem
434 2298 568 2366 praebere
586 2299 727 2367 professus
744 2298 868 2353 amicum.

125 2377 167 2430 Ut
184 2380 308 2429 matrona
324 2374 463 2428 meretrici
481 2374 575 2442 dispar
592 2374 646 2428 erit
664 2379 749 2443 atque
818 2430 820 2435 ,

126 2452 257 2519 Discolor,
276 2450 360 2503 infido
379 2465 488 2503 scurrae
506 2449 622 2503 distabit
638 2450 748 2504 amiens.

126 2527 258 2582 Esthuic
275 2526 414 2579 diversum
431 2526 499 2579 vitio
516 2526 614 2578 vitium
632 2542 717 2594 prope
734 2525 831 2594 majus,
964 2538 977 2576 a

127 2603 271 2672 Asperitas
289 2602 405 2670 agrestis
423 2605 452 2654 et
470 2601 629 2654 inconcinna
645 2599 798 2670 gravisque,

127 2679 203 2743 Quae
221 2695 250 2732 se
267 2677 441 2732 commendat
458 2680 539 2730 tonsa
556 2680 627 2744 cute,
645 2677 776 2730 dentibus
793 2676 868 2745 atris,

125 2755 200 2810 Dum
217 2754 276 2808 vult
294 2752 408 2808 libertas
425 2753 480 2807 diei
498 2769 575 2806 mera
592 2769 712 2821 ueraque
729 2752 825 2813 uirtus,

125 2830 224 2886 Virtus
242 2833 285 2884 est
302 2830 424 2884 medium
441 2829 570 2883 vitiorum
588 2831 618 2882 et
635 2829 764 2897 utrinqne
782 2828 933 2881 reductum.

127 2907 208 2961 Alter
225 2908 254 2960 in
271 2906 432 2974 obsequium
449 2906 511 2974 plus
528 2921 617 2971 aequo
634 2920 736 2972 pronus
754 2906 784 2956 et
799 2902 848 2955 imi
952 2918 973 2956 1o

125 2983 239 3036 Derisor
256 2982 321 3035 lecti
339 2983 377 3035 sie
395 2985 493 3035 nutum
512 2979 606 3032 divitis
623 2978 726 3046 horret,

125 3057 171 3110 Sic
187 3058 271 3111 iterat
288 3073 367 3111 voces
386 3062 415 3110 et
431 3056 515 3109 verba
532 3054 659 3107 cadentia
676 3053 757 3121 tollit,
774 3112 781 3121 ,

126 3131 167 3186 Ut
183 3149 300 3200 puerum
318 3148 397 3185 saevo
415 3131 510 3184 credas
529 3130 634 3183 dictata
651 3130 782 3196 magistro

126 3204 255 3260 Reddere
271 3207 315 3261 vel
332 3209 427 3281 partes
445 3205 558 3259 mimum
576 3207 697 3258 tractare
714 3200 852 3256 secundas,
