2275 3550
63 184 172 245 ¹eo

415 179 569 229 HORATII
586 179 718 228 FLAGOI

208 260 349 316 Inachiam
360 261 405 313 ter
416 262 496 313 nocte
507 263 595 327 potes,
607 259 674 311 mihi
686 271 797 326 semper
806 258 844 313 ad
854 276 940 330 unum
976 270 999 311 15

242 335 333 389 Mollis
351 350 425 404 opus.
460 333 559 387 Pereat
577 333 649 386 male
669 337 787 401 queste

207 411 307 466 Lesbia
324 412 467 480 quaerenti
485 413 595 463 taurum
615 409 780 462 monstravit
797 409 924 475 inertem,

243 487 312 541 Oum
329 486 396 539 mihi
414 486 486 540 Cous
503 485 615 539 adesset
634 487 776 552 Amyntas,

210 562 294 631 Cujus
310 562 340 615 in
356 561 490 615 indomito
508 561 677 614 constantior
693 560 804 628 inguine
822 572 924 614 nervus

243 638 330 702 Quam
347 654 417 690 nova
434 636 547 690 collibus
566 636 648 689 arbor
665 636 797 688 inhaeret.
970 648 997 688 aa

107 743 109 747 <
208 713 359 768 Muricibus
377 713 465 782 Tyriis
482 713 599 766 iteratae
618 712 719 765 vellera
736 711 814 765 lanae

243 790 294 843 Oui
311 789 547 859 properabanturl
583 788 644 840 Tibi
661 804 768 855 nempe,

208 865 235 918 N
236 882 252 918 e
268 865 341 917 foret
358 865 485 934 aequales
502 864 576 916 inter
594 863 713 930 conviva,
731 861 819 929 magis
837 877 920 930 quem

242 939 377 1006 Diligeret
395 939 492 999 mulier
510 955 559 991 sua
577 955 658 1006 quam
676 942 712 992 te.

208 1014 232 1066 Ο
250 1031 301 1082 ego
319 1031 373 1068 non
390 1014 464 1082 felix,
482 1030 564 1082 quam
582 1017 614 1066 tu
631 1013 703 1080 fugis
720 1014 752 1066 ut
769 1013 852 1080 pavet
869 1026 945 1064 acres
968 1026 994 1065 25

242 1090 324 1158 Agna
340 1090 419 1159 lupos
436 1105 605 1159 capreaeque
623 1087 730 1143 leones!

173 1280 309 1367 Honisms
326 1316 474 1381 tempestas
491 1229 752 1367 offlffleontraxu
770 1314 801 1366 et
818 1311 923 1365 imbres

122 1422 124 1425 ·
206 1387 345 1456 Nivesque
357 1388 497 1442 deducunt
508 1388 528 1441 J
530 1404 609 1441 ovem
616 1407 624 1452 ;
641 1404 713 1440 nunc
724 1403 809 1454 mare,
820 1403 893 1440 nunc
907 1385 994 1440 siluae

172 1460 297 1514 Threicio
316 1462 452 1530 Aquilone
471 1465 584 1515 sonant:
601 1462 746 1529 rapiamus,
765 1462 852 1529 amici,

206 1535 381 1589 Occasionem
399 1536 435 1588 de
453 1535 507 1604 die,
524 1535 647 1604 dumque
665 1536 756 1588 virent
772 1551 864 1602 genua

171 1610 210 1665 Et
225 1610 315 1674 decet,
332 1610 452 1664 obducta
470 1611 591 1664 solvatur
607 1611 698 1664 fronte
717 1613 851 1665 senectus.
979 1627 994 1666 o

206 1686 247 1739 'lu
264 1686 327 1740 vina
344 1686 482 1754 Torquato
500 1701 579 1739 move
598 1686 707 1739 consule
724 1703 819 1755 pressa
837 1703 906 1743 meo.

172 1761 273 1818 Cetera
290 1757 370 1816 mitte
387 1761 478 1830 loqui:
497 1760 566 1815 deus
584 1762 651 1816 haec
668 1762 785 1817 fortasse
802 1762 923 1831 benigna

205 1838 332 1892 Reducet
349 1838 378 1891 in
397 1838 492 1892 sedem
508 1838 575 1892 vice.
610 1838 691 1892 Nunc
709 1842 738 1893 et
757 1838 943 1893 Achaemenio

172 1912 304 1967 Pcrfundi
322 1913 410 1966 nardo
425 1913 506 1982 juvat
524 1917 553 1968 et
571 1914 627 1967 fide
646 1914 775 1983 Cyllenea

206 1989 311 2043 Levare
329 1989 396 2043 diris
413 1993 525 2058 pectora
542 1989 786 2054 sollicitudinibus3
970 2003 993 2041 ro

171 2063 277 2118 Nobilis
295 2068 328 2118 ut
345 2065 442 2131 grandi
460 2065 560 2118 cecinit
579 2064 734 2118 Centaurus
751 2065 876 2120 alumno:

206 2140 321 2205 Invicte,
339 2140 463 2192 mortalis
480 2139 534 2193 dea
552 2143 617 2192 nate
635 2156 705 2207 puer
722 2140 847 2206 Thetide,

171 2213 209 2267 Te
226 2217 319 2266 manet
337 2212 465 2265 Assaraci
482 2214 572 2279 tellus,
591 2229 673 2280 quam
691 2214 793 2280 frigida
809 2212 887 2281 parvi

205 2287 330 2340 Findunt
348 2286 507 2339 Scamandri
524 2287 637 2340 flumina
654 2286 776 2340 lubricus
792 2292 822 2339 et
840 2288 948 2357 Simois,

171 2362 252 2417 Unde
270 2360 322 2416 tibi
339 2360 460 2414 reditum
478 2364 553 2415 certo
570 2361 725 2414 subtemine
744 2361 845 2414 Parcae
967 2376 991 2417 15

205 2437 323 2506 Rupere,
342 2451 392 2488 nec
408 2439 497 2489 mater
514 2435 623 2488 domum
643 2436 752 2489 caerula
769 2440 798 2490 te
816 2437 935 2492 revehet

156 2512 233 2567 .Illic
250 2527 331 2565 omne
348 2510 448 2564 malum
466 2511 529 2564 vino
546 2514 684 2579 cantuque
700 2513 798 2578 levato,

206 2587 343 2640 Deformis
361 2586 542 2653 aegrimoniae
561 2585 686 2640 dulcibus
703 2586 835 2656 alloquiis

524 2724 605 2780 XIV.

238 2807 348 2865 Mennis
365 2807 465 2862 inertia
481 2824 530 2862 cur
547 2811 655 2863 tantam
672 2808 814 2864 diffuderit
830 2808 894 2864 imis

273 2884 445 2939 Oblivionem
463 2884 595 2952 sensibus,

238 2959 339 3015 Pocula
356 2960 491 3013 Lethaeos
509 2963 540 3013 ut
558 2961 581 3012 si
600 2960 729 3014 ducentia
745 2975 853 3013 somnos

273 3036 378 3088 Arente
394 3034 472 3087 fauce
489 3035 629 3100 traxerim,

238 3110 362 3165 Candide
379 3110 530 3177 Maecenas,
550 3110 650 3163 occidis
668 3126 750 3179 saepe
767 3110 903 3177 rogando:
973 3124 986 3165 o

272 3184 355 3252 Deus,
374 3184 443 3238 deus
459 3201 523 3238 nam
540 3199 585 3236 me
602 3187 680 3238 vetat
