2275 3550
404 210 662 270 EPIS'I'QLARUM
678 213 701 261 Ι.
720 216 743 262 5.
944 211 991 258 165

132 289 211 356 Quid
227 292 326 345 voveat
344 291 417 345 dulci
433 293 570 347 nutricula
586 293 677 362 majus
694 293 812 362 alumno,

132 367 191 434 Qui
210 384 306 438 sapere
324 371 353 423 et
370 368 423 422 fari
440 369 527 437 possit
545 387 615 438 quae
634 369 741 433 sentiat,
760 371 789 423 et
807 368 851 423 cui

133 446 241 514 Gratia,
258 446 338 514 fama,
357 445 486 499 valetudo
504 447 644 514 contingat
661 445 778 513 abunde,
967 459 991 500 lo

134 522 174 577 llt
192 523 311 577 mundus
328 523 489 577 rictusnon
506 522 651 576 deficiente
668 522 812 575 crumenat

135 599 219 654 Inter
235 616 311 668 spem
329 614 484 667 curamque,
501 598 615 652 timores
631 598 706 651 inter
722 600 752 651 et
768 596 831 663 iras,
888 615 890 618 ·

136 675 254 728 Omnem
272 675 355 729 crede
373 674 447 729 diem
464 674 516 728 tibi
534 673 667 728 diluxisse
685 687 855 741 supremum:

136 751 227 805 Grata
242 751 417 819 superveniet
435 766 506 819 quae
523 766 580 803 non
597 748 753 818 sperabitur
769 748 844 801 hora.

135 825 186 879 Me
202 827 333 895 pinguem
351 830 381 881 et
397 826 516 881 nitidum
533 825 606 879 bene
623 829 718 878 curata
735 827 798 878 cute
815 822 885 902 vises
969 836 992 877 15

136 900 209 954 Cum
225 900 318 955 ridere
335 901 410 956 voles
427 902 539 971 Epicuri
556 901 594 955 de
610 916 695 969 grege
711 898 842 969 porcum(

513 1040 581 1095 .V.

137 1123 170 1177 SI
187 1126 267 1192 potes
285 1124 428 1179 Archiacis
445 1124 556 1178 conviva
574 1123 735 1180 recumbere
751 1123 831 1177 lectis

137 1198 165 1252 N
167 1214 198 1251 ec
215 1199 323 1252 modica
340 1215 455 1252 coenare
473 1200 554 1252 times
573 1199 632 1252 olus
649 1215 729 1252 omne
747 1198 856 1267 patella,

138 1273 273 1343 Supremo
291 1277 321 1328 te
339 1275 396 1328 sole
414 1274 497 1341 dorni,
514 1274 660 1343 Torquate,
677 1273 800 1327 manebo.

140 1350 214 1403 Vina
230 1350 308 1404 bibes
326 1350 426 1404 iterum
445 1350 534 1403 Tauro
552 1350 652 1403 diffusa
668 1350 804 1418 palustres

139 1426 219 1479 Inter
237 1426 392 1481 Minturnas
410 1426 659 1494 Sinuessanumque
677 1425 829 1480 Petrinum.
978 1440 991 1481 5

138 1502 168 1556 Si
186 1503 284 1556 melius
302 1501 370 1570 quid
386 1502 472 1556 habes
489 1518 597 1556 arcesse
614 1502 659 1555 vel
675 1500 821 1571 imperinm
836 1502 886 1555 fer.

138 1577 157 1630 J
159 1577 308 1631 amdudum
326 1577 453 1646 splendet
470 1579 546 1632 focus
564 1581 594 1631 et
612 1576 664 1630 tibi
682 1577 785 1632 munda
801 1578 931 1646 supellex.

138 1653 222 1707 Mitte
239 1653 312 1708 leves
330 1657 440 1722 speset
457 1654 607 1707 certamina
625 1653 782 1707 divitiarum

138 1728 176 1783 Et
193 1729 298 1784 Moschi
316 1746 437 1784 causam:
456 1747 515 1784 cras
533 1734 599 1784 nato
617 1729 732 1785 Caesare
749 1731 836 1785 festus

138 1804 196 1859 Dat
212 1806 319 1859 veniam
338 1822 516 1874 somnumque
535 1807 610 1870 dies3
627 1807 738 1875 impune
756 1806 852 1860 licebit
970 1822 992 1862 ιο

140 1881 282 1934 Aestivam
301 1898 426 1936 sermone
443 1881 560 1949 benigno
578 1880 693 1935 tendere
710 1886 826 1936 noctem.

139 1954 200 2018 Quo
217 1955 285 2009 milri
301 1956 438 2010 fortunam
456 1957 479 2010 si
496 1973 551 2010 non
568 1956 727 2011 conceditur
742 1957 803 2010 utii

139 2030 243 2085 Parcus
259 2031 296 2085 ob
312 2030 422 2086 heredis
439 2049 533 2086 curam
549 2032 719 2100 nimiumque
736 2048 847 2086 severus
899 2055 901 2059 ⁷

139 2106 254 2162 Assidct
270 2107 380 2162 insano:
397 2111 493 2176 potare
510 2113 540 2163 et
557 2124 687 2177 spargere
704 2108 785 2162 flores

140 2182 279 2251 Incipiam,
294 2183 439 2251 patiarque
456 2183 499 2237 vel
516 2184 684 2238 inconsultus
700 2183 803 2238 haberi
971 2191 995 2233 ιε

139 2257 214 2324 Quid
230 2276 284 2313 non
302 2257 421 2313 ebrietas
438 2258 585 2327 designat?
621 2259 725 2329 Operta
741 2260 867 2329 recludit,

139 2335 207 2403 Spes
220 2335 303 2403 jubet
320 2351 381 2390 esse
398 2338 479 2401 ratas,
496 2336 534 2389 ad
550 2336 654 2404 proelia
671 2332 761 2391 trudit
777 2336 909 2403 inertem

139 2410 266 2464 Sollicitis
284 2411 380 2465 animis
398 2427 466 2465 onus
484 2412 589 2479 eximit,
607 2411 724 2467 addocet
741 2416 822 2468 artes.

140 2485 262 2540 Fecundi
279 2487 377 2542 calices
394 2503 476 2556 quem
493 2504 549 2541 uon
566 2488 657 2542 fecere
675 2487 822 2543 disertuml

141 2561 287 2618 Contracta
304 2580 387 2632 quem
404 2579 458 2617 non
475 2564 504 2618 in
521 2566 684 2633 paupertate
702 2565 840 2621 solutuml
967 2581 992 2622 a)

141 2637 217 2692 Haec
234 2656 286 2707 ego
302 2656 449 2709 procurare
466 2643 497 2694 et
514 2640 630 2694 idoneus
647 2641 766 2709 imperor
783 2645 813 2695 et
828 2656 883 2695 non

141 2715 255 2781 Inuus,
271 2710 307 2769 ne
324 2719 406 2784 turpe
423 2716 500 2781 toral,
516 2732 552 2769 ne
571 2716 682 2773 sordida
699 2732 798 2786 mappa

141 2790 274 2859 Corruget
291 2808 379 2859 nares,
397 2808 432 2845 ue
449 2808 503 2845 non
521 2796 551 2846 et
568 2792 714 2846 oenthams
731 2797 761 2847 et
777 2792 841 2847 lanx

142 2866 277 2921 Ostendat
294 2867 346 2922 tibi
363 2871 400 2935 te,
418 2884 454 2921 ue
472 2868 543 2921 fidos
555 2868 633 2922 inter
649 2867 750 2924 amicos

142 2942 183 2996 Sit
200 2942 248 3010 qui
266 2942 340 2997 dicta
358 2944 429 2997 foras
447 2943 578 3012 eliminet,
596 2947 629 2997 nt
646 2947 724 2997 cc'e‘at
740 2960 790 3012 par
966 2957 991 3000 cs

142 3018 332 3087 iungaturque
348 3020 416 3088 pari.
451 3020 566 3073 Butram
583 3019 636 3074 tibi
654 3020 863 3088 Septiciumque,

142 3094 178 3148 llt
194 3094 247 3149 nisi
264 3111 347 3149 coena
363 3095 438 3164 prior
454 3096 599 3164 potiorque
615 3096 708 3165 puella
725 3095 854 3149 Sabinum

142 3168 261 3242 Detinet,
279 3186 429 3236 assumam
446 3170 520 3224 locus
537 3175 581 3226 est
598 3176 629 3226 et
644 3170 770 3241 pluribus
786 3171 903 3227 umbris:

143 3244 198 3300 Sed
213 3244 294 3299 nimis
310 3249 372 3301 arta
387 3251 517 3316 premunt
533 3247 623 3301 olidae
640 3248 762 3301 convivia
777 3264 881 3316 caprae.
