2275 3550
143 202 190 250 loo
417 199 572 250 HORA'I'II
589 200 720 250 FLAGOI

141 280 230 348 'Pergo
246 279 352 348 plector
369 279 448 333 enim.
483 279 536 342 Qui
553 282 587 333 tu
603 276 763 347 impunitior
779 280 828 335 illa
961 299 1004 342 105

142 354 219 419 Quae
235 370 319 423 parvo
337 355 407 407 sumi
423 357 564 422 nequeunt
581 353 693 407 obsonia
710 357 825 423 captae?

140 430 247 499 Nempe
265 430 464 483 inamarescunt
481 429 578 497 epulae
596 429 654 482 sine
672 429 726 483 fine
742 431 854 498 petitae.

142 504 274 573 Illusique
291 505 376 573 pedes
393 504 521 559 vitiosum
537 504 612 557 ferre
630 508 758 559 recusant

141 580 254 648 Corpus.
289 582 336 634 An
352 580 397 633 hic
413 583 515 648 peceat,
534 580 585 633 sub
601 583 710 634 noctem
728 580 775 649 qui
792 597 863 650 puer
879 598 963 637 uvam

141 655 254 709 Furtiva
271 657 360 708 mutat
377 655 489 722 strigili:
508 655 555 723 qui
573 655 687 723 praedia
703 656 806 723 vendit,
960 674 998 715 110
1092 650 1097 660 ¹

140 730 188 784 Nil
206 730 304 783 servile
320 729 400 797 gulae
417 746 516 798 pareus
534 730 637 784 habeti
673 729 766 797 Adde,
783 731 858 799 quod
874 729 950 786 idem

140 805 167 859 N
169 821 203 858 on
220 805 314 858 horam
331 807 422 858 tecum
439 820 500 858 esse
516 808 604 873 potes,
622 820 676 857 non
694 805 751 859 otia
768 809 844 860 recte

141 879 254 947 Ponere,
271 883 355 948 teque
372 880 462 949 ipsum
479 880 558 945 vitas,
576 879 708 947 fugitivus
726 882 756 933 et
773 896 842 947 erro,

140 954 205 1007 Jam
222 955 284 1008 vino
302 969 444 1023 quaerens,
459 953 520 1022 Jam
538 971 632 1008 somno
649 954 744 1009 fallere
762 971 869 1009 curam:

141 1027 336 1095 Frustra3nam
344 1044 435 1083 comes
442 1029 611 1098 atrapremit
618 1029 797 1098 sequiturque
804 1030 997 1097 fugacem.”1is

139 1102 245 1158 “Unde
256 1105 322 1157 mihi
334 1104 453 1174 lapidem
463 1104 537 1160 i'’-“
545 1103 682 1169 Quorsum
693 1108 737 1159 est
748 1121 817 1173 opus
825 1106 901 1160 i’'-“
909 1106 996 1162 Unde

141 1236 143 1241 ἢ
209 1180 325 1248 sagittas
334 1180 360 1235 l''
392 1181 394 1188 ”
959 1231 963 1237 .

139 1252 217 1306 “Aut
233 1253 335 1309 insanit
351 1253 433 1309 homo
450 1258 499 1311 aut
510 1271 612 1310 'versus
628 1254 719 1308 facit.”·
745 1254 845 1309 “Ocius
861 1254 925 1309 hinc
940 1258 973 1310 te

139 1327 178 1382 Ni
194 1329 276 1397 rapis,
293 1329 407 1384 accedes
424 1346 507 1399 opera
524 1347 592 1398 agro
608 1346 680 1383 nona
696 1328 819 1385 Sabino?

529 1462 615 1518 VIII.

139 1550 203 1604 “Ur
220 1549 362 1605 Nasidieni
376 1550 452 1619 juvit
468 1554 499 1606 te
516 1567 600 1605 coena
617 1551 712 1609 beotii

139 1624 211 1679 Nam
228 1626 296 1679 mihi
314 1626 458 1694 quaerenti
475 1626 615 1679 convivam
632 1627 723 1682 dietus
739 1629 806 1685 here
822 1630 879 1685 illic

138 1700 183 1755 De
200 1702 290 1755 medic
307 1704 404 1771 potare
423 1700 489 1754 die.'’
520 1700 590 1755 “Sic
607 1705 640 1756 ut
657 1703 725 1756 mihi
741 1721 880 1774 nunquam

140 1777 175 1831 In
191 1778 249 1832 vita
264 1778 350 1832 fuerit
366 1776 485 1831 melius.'’
515 1776 590 1846 “Da,
609 1778 632 1832 si
648 1796 732 1847 grave
749 1797 804 1834 non
821 1784 871 1847 est,

140 1853 216 1916 Quae
232 1854 322 1924 prima
338 1854 439 1908 iratum
456 1855 582 1908 ventrem
598 1854 748 1922 placaverit
764 1856 848 1910 esea!
979 1868 994 1912 t

140 1928 197 1981 “In
212 1929 308 1997 primis
324 1928 449 1983 Lucanus
466 1945 550 1998 aper3
567 1929 623 1982 leni
640 1930 694 1984 init
712 1931 818 1984 Austro

140 2003 250 2072 Captus,
267 2007 300 2057 ut
316 2004 407 2059 aiebat
424 2020 524 2059 coenae
540 2008 637 2073 pater3
654 2006 729 2060 acria
744 2006 847 2060 circum

140 2078 254 2147 Rapula,
271 2079 400 2146 lactucae,
419 2079 532 2147 radices,
550 2079 642 2147 qualia
659 2080 761 2134 lassum
848 2114 857 2134 .,-
943 2077 997 2189 J

140 2153 300 2207 Pervellunt
317 2153 493 2219 stomachum,
510 2154 585 2220 siser,
603 2153 679 2221 allec,
696 2155 803 2209 faecula
820 2156 883 2212 eoa
935 2158 964 2201 ἐν

139 2227 193 2280 His
210 2227 258 2279 ubi
276 2225 390 2279 sublatis
406 2243 476 2294 puer
494 2227 550 2280 alte
567 2228 672 2281 cinctus
688 2244 814 2283 acernam
970 2244 992 2283 rc

139 2301 265 2368 Gausape
282 2316 418 2369 purpureo
435 2316 557 2352 mensam
574 2303 713 2368 pertersit,
730 2306 760 2355 et
776 2304 848 2356 alter

33 2397 35 2401 ¹
139 2375 264 2443 sublegit
281 2374 462 2443 quodcunque
476 2374 585 2441 jaceret
601 2374 698 2428 inutile
716 2375 844 2444 qnodque

140 2450 238 2503 Posset
255 2452 400 2503 coenantes
417 2448 569 2515 offendere3
587 2451 620 2502 ut
638 2449 735 2503 Attica
751 2450 828 2518 virgo

139 2525 209 2578 (lum
226 2526 310 2578 sacris
329 2524 437 2579 Cereris
454 2522 580 2592 procedit
598 2524 690 2578 fuscus
708 2525 853 2594 Hydaspes

139 2600 264 2654 Caecuba
281 2600 458 2668 vinciamus,
477 2599 564 2653 Alcon
583 2598 681 2654 Chium
699 2602 782 2654 maris
798 2617 905 2670 expers
969 2616 990 2657 rs

139 2674 195 2729 Hic
211 2675 308 2729 herus:
327 2674 474 2742 Albanum,
492 2674 645 2743 Maecenas,
663 2674 721 2730 sive
739 2675 887 2730 Falernum

138 2749 178 2804 'l'e
195 2751 281 2819 magis
298 2751 430 2819 appositis
448 2750 575 2818 delectat,
591 2750 723 2804 habemus
739 2750 909 2820 utrumque.‘’

139 2825 278 2880 “Divitias
295 2826 425 2882 miseras!
462 2825 519 2880 Sed
537 2825 599 2894 quis
618 2826 795 2880 coenantibus
812 2842 875 2894 una,

139 2900 274 2971 Fundani,
291 2901 404 2969 pulchre
420 2901 505 2956 fuerit
522 2900 583 2968 tibi,
600 2917 680 2954 nosse
696 2900 811 2956 laboro.”
893 2938 898 2949 ι

81 3038 85 3045 ,
140 2976 290 3030 “Summus
302 2993 353 3044 ego
364 2981 394 3031 et
404 2994 489 3046 prope
500 2992 545 3030 me
557 2976 657 3029 Viscus
668 2976 804 3030 Thurinus
817 2980 847 3032 et
858 2976 929 3030 infra
963 2992 986 3031 ao

139 3050 170 3104 Si
187 3051 298 3105 memini
315 3051 431 3119 Varius;
448 3068 510 3105 cum
526 3051 642 3104 Servilio
660 3051 807 3105 Balatrone

139 3122 276 3195 Vibidius,
293 3143 361 3196 quas
379 3127 523 3181 Maecenas
541 3126 694 3179 adduxerat
711 3127 829 3180 umbras

140 3195 326 3256 Nomentanus
344 3206 405 3257 erat
422 3217 504 3270 super
520 3199 620 3268 ipsum,
638 3200 751 3255 Porcius
767 3200 838 3255 infra

576 3459 583 3492 l
