2275 3550
123 181 154 229 66

381 185 535 236 HORATII
552 187 683 238 FLAOCI

243 267 332 323 Unico
348 268 471 336 gaudens
487 269 586 322 mulier
602 268 702 322 marito

245 342 364 398 Prodeat
377 343 461 412 justis
478 347 590 412 operata
607 344 697 406 sacris,
774 377 776 379 ·

245 418 283 471 llt
301 435 376 471 soror
393 418 459 472 clari
477 419 554 475 ducis
573 421 602 472 et
620 418 735 471 decorae

280 492 406 562 Supplice
423 494 493 547 vitta

245 567 391 635 Virginum
408 572 510 622 matres
523 568 711 638 juvenumque
727 583 817 635 nuper

246 642 391 711 Sospitum.
427 644 491 711 Vos,
510 661 526 697 o
543 644 623 713 pueri
641 648 671 697 et
687 643 795 712 puellae
834 655 836 657 ’

244 716 310 772 Jam
327 718 416 772 virum
433 723 569 787 expertae,
586 718 658 773 male
674 718 801 772 ominatis

281 793 389 847 Parcite
406 794 504 847 verbis

246 868 302 922 Hic
319 868 378 922 dies
395 885 459 922 vere
476 868 541 921 mihi
559 868 646 922 festus
663 872 738 922 atras
782 931 784 935 ¹

231 943 356 1013 ‘Eximet
373 960 465 1010 curas;
482 960 533 1011 ego
550 960 601 996 nec
618 944 766 996 tumultum

245 1017 273 1072 N
275 1035 306 1072 ec
323 1018 392 1072 mori
409 1034 458 1086 per
475 1018 530 1071 vim
547 1021 668 1071 metuam
685 1021 799 1072 tenente

281 1093 397 1147 Caesare
414 1098 508 1148 terras.

247 1168 262 1222 I
280 1161 344 1237 pete
361 1175 537 1237 unguentum,
554 1184 631 1236 puer,
649 1171 678 1222 et
695 1183 807 1222 coronas

246 1243 284 1297 Et
300 1244 398 1297 cadum
416 1244 502 1298 Marsi
519 1260 668 1298 memorem
687 1243 777 1311 duelli,

245 1318 405 1386 Spartacum
423 1320 446 1373 si
464 1336 518 1389 qua
533 1320 625 1389 potuit
641 1324 785 1387 vagantem

281 1393 388 1447 Fallere
405 1397 486 1449 testa.
533 1423 536 1431 Δ

246 1465 299 1520 Dic
316 1471 345 1521 et
362 1472 475 1535 argutae
492 1472 622 1538 properet
640 1469 764 1522 Neaerae

246 1541 408 1595 Murrheum
424 1543 497 1596 nodo
514 1544 642 1597 cohibere
660 1544 777 1609 crinem3

190 1662 193 1669 .
247 1616 276 1670 si
293 1633 343 1683 per
359 1617 476 1671 inrisum
493 1634 569 1672 mora
582 1618 731 1686 janitorem

281 1691 352 1759 Fiet,
370 1691 452 1747 abito.

246 1765 328 1822 Lenit
344 1766 483 1823 albescens
500 1769 604 1824 animes
621 1768 734 1839 capillus

247 1841 350 1895 Litium
367 1846 396 1897 et
413 1845 489 1899 rixae
507 1846 620 1915 cupidos
636 1849 796 1913 protervae3

246 1917 273 1971 N
275 1934 310 1970 on
327 1934 378 1986 ego
394 1918 446 1973 hoc
463 1922 563 1976 ferrem
581 1920 686 1975 calidus
699 1920 816 1989 juventa

282 1993 399 2049 Consule
418 1996 524 2052 Planco.

504 2137 566 2193 XV.

152 2259 155 2262 -
254 2218 335 2274 Uxor
346 2218 474 2286 pauperis
492 2219 575 2287 Ibyci,

282 2292 403 2345 Tandem
419 2292 559 2359 nequitiae
576 2293 631 2360 fige
648 2293 760 2349 modum
776 2298 842 2351 tuae

248 2366 425 2434 Famosisque
441 2366 592 2419 laboribus:

282 2440 392 2493 Maturo
409 2440 520 2508 propior
537 2440 632 2495 desine
649 2441 739 2495 timeri

210 2573 213 2579 ⁴
248 2512 439 2569 interludere
456 2516 575 2584 virgines

283 2591 320 2644 Et
337 2590 423 2644 stellis
440 2592 567 2646 nebulam
585 2609 714 2662 spargere
731 2593 863 2647 candidis.

247 2663 311 2719 Non
328 2665 352 2719 si
369 2666 437 2735 quid
455 2666 575 2721 Pholoen
593 2669 660 2722 satis

282 2738 319 2792 Et
335 2742 373 2806 te,
392 2740 491 2810 Chlori,
509 2742 603 2798 decet:
621 2743 677 2797 lilia
694 2743 795 2798 rectius

247 2811 394 2881 Expugnat
407 2814 539 2882 juvenum
557 2817 659 2883 domos,

282 2887 365 2942 Pulso
383 2889 480 2959 Thyias
497 2892 539 2945 uti
557 2894 662 2947 concita
680 2897 814 2963 tyrnpam.

247 2961 328 3017 Illam
345 2966 418 3033 cogit
435 2983 512 3020 amor
529 2966 617 3021 Nothi

282 3038 410 3095 Lascivae
427 3041 543 3097 similem
561 3043 658 3098 ludere
676 3060 803 3114 capreae:

246 3110 286 3168 Te
302 3114 380 3170 lanae
397 3133 481 3185 prope
498 3118 617 3171 nobilem

281 3188 385 3245 Tonsae
403 3192 554 3262 Luceriam,
572 3208 627 3246 non
643 3192 764 3249 citharae
782 3193 889 3261 decent,
