<?xml version="1.0" encoding="UTF-8"?>
<!DOCTYPE html PUBLIC "-//W3C//DTD XHTML 1.0 Transitional//EN"
    "http://www.w3.org/TR/xhtml1/DTD/xhtml1-transitional.dtd">
<html xmlns="http://www.w3.org/1999/xhtml" xml:lang="en" lang="en">
 <head>
  <title>
</title>
<meta http-equiv="Content-Type" content="text/html;charset=utf-8" />
  <meta name='ocr-system' content='tesseract 3.04.00' />
  <meta name='ocr-capabilities' content='ocr_page ocr_carea ocr_par ocr_line ocrx_word'/>
</head>
<body>
  <div class='ocr_page' id='page_1' title='image "./quintihoraticfl00maclgoog_0154.png"; bbox 0 0 2275 3550; ppageno 0'>
   <div class='ocr_carea' id='block_1_1' title="bbox 125 187 702 251">
    <p class='ocr_par' dir='ltr' id='par_1_1' title="bbox 125 187 702 251">
     <span class='ocr_line' id='line_1_1' title="bbox 125 187 702 251; baseline -0.028 0"><span class='ocrx_word' id='word_1_1' title='bbox 125 202 172 251; x_wconf 82' lang='lat'>130</span> <span class='ocrx_word' id='word_1_2' title='bbox 388 188 604 240; x_wconf 79' lang='lat' dir='ltr'><strong>SATIRARUM</strong></span> <span class='ocrx_word' id='word_1_3' title='bbox 621 187 644 236; x_wconf 89' lang='grc' dir='ltr'>Ι.</span> <span class='ocrx_word' id='word_1_4' title='bbox 665 191 702 237; x_wconf 82' lang='grc'>10.</span> 
     </span>
    </p>
   </div>
   <div class='ocr_carea' id='block_1_2' title="bbox 120 275 982 1633">
    <p class='ocr_par' dir='ltr' id='par_1_2' title="bbox 122 275 982 498">
     <span class='ocr_line' id='line_1_2' title="bbox 123 275 982 335; baseline -0.003 0"><span class='ocrx_word' id='word_1_5' title='bbox 123 275 233 335; x_wconf 85' lang='lat' dir='ltr'>Vilibus</span> <span class='ocrx_word' id='word_1_6' title='bbox 250 280 279 332; x_wconf 89' lang='lat' dir='ltr'>in</span> <span class='ocrx_word' id='word_1_7' title='bbox 296 277 369 332; x_wconf 89' lang='lat' dir='ltr'>ludis</span> <span class='ocrx_word' id='word_1_8' title='bbox 388 278 486 332; x_wconf 88' lang='lat' dir='ltr'>dictari</span> <span class='ocrx_word' id='word_1_9' title='bbox 504 277 624 331; x_wconf 83' lang='lat' dir='ltr'>carmina</span> <span class='ocrx_word' id='word_1_10' title='bbox 641 277 740 331; x_wconf 74' lang='lat' dir='ltr'>maliet</span> <span class='ocrx_word' id='word_1_11' title='bbox 956 291 982 332; x_wconf 74' lang='lat'>7³</span> 
     </span>
     <span class='ocr_line' id='line_1_3' title="bbox 122 351 981 422; baseline -0.006 -12"><span class='ocrx_word' id='word_1_12' title='bbox 122 355 151 410; x_wconf 83' lang='lat' dir='ltr'>N</span> <span class='ocrx_word' id='word_1_13' title='bbox 152 372 187 409; x_wconf 92' lang='lat' dir='ltr'>on</span> <span class='ocrx_word' id='word_1_14' title='bbox 199 371 263 422; x_wconf 91' lang='lat' dir='ltr'>ego;</span> <span class='ocrx_word' id='word_1_15' title='bbox 280 371 343 407; x_wconf 87' lang='lat' dir='ltr'>nam</span> <span class='ocrx_word' id='word_1_16' title='bbox 356 354 422 406; x_wconf 86' lang='lat' dir='ltr'>satis</span> <span class='ocrx_word' id='word_1_17' title='bbox 438 357 481 406; x_wconf 87' lang='lat' dir='ltr'>est</span> <span class='ocrx_word' id='word_1_18' title='bbox 490 353 612 422; x_wconf 78' lang='lat' dir='ltr'>equitem</span> <span class='ocrx_word' id='word_1_19' title='bbox 621 353 687 405; x_wconf 91' lang='lat' dir='ltr'>mihi</span> <span class='ocrx_word' id='word_1_20' title='bbox 696 352 878 421; x_wconf 65' lang='lat' dir='ltr'>plauderent</span> <span class='ocrx_word' id='word_1_21' title='bbox 888 351 981 406; x_wconf 85' lang='lat' dir='ltr'>audax</span> 
     </span>
     <span class='ocr_line' id='line_1_4' title="bbox 123 428 771 498; baseline -0.008 -13"><span class='ocrx_word' id='word_1_22' title='bbox 123 430 296 498; x_wconf 80' lang='lat' dir='ltr'>Contemptis</span> <span class='ocrx_word' id='word_1_23' title='bbox 313 429 373 482; x_wconf 89' lang='lat' dir='ltr'>aliis</span> <span class='ocrx_word' id='word_1_24' title='bbox 392 429 503 498; x_wconf 86' lang='lat' dir='ltr'>explosa</span> <span class='ocrx_word' id='word_1_25' title='bbox 521 428 677 481; x_wconf 86' lang='lat' dir='ltr'>Arbuscula</span> <span class='ocrx_word' id='word_1_26' title='bbox 693 428 771 481; x_wconf 79' lang='lat' dir='ltr'>dixit.</span> 
     </span>
    </p>

    <p class='ocr_par' dir='ltr' id='par_1_3' title="bbox 124 501 981 801">
     <span class='ocr_line' id='line_1_5' title="bbox 124 501 864 572; baseline -0.007 -12"><span class='ocrx_word' id='word_1_27' title='bbox 124 505 191 560; x_wconf 87' lang='lat' dir='ltr'>Mea</span> <span class='ocrx_word' id='word_1_28' title='bbox 208 508 316 559; x_wconf 81' lang='lat' dir='ltr'>moveat</span> <span class='ocrx_word' id='word_1_29' title='bbox 334 505 422 558; x_wconf 81' lang='lat' dir='ltr'>cimex</span> <span class='ocrx_word' id='word_1_30' title='bbox 441 503 583 572; x_wconf 77' lang='lat' dir='ltr'><strong>Pantilius,</strong></span> <span class='ocrx_word' id='word_1_31' title='bbox 602 507 650 557; x_wconf 86' lang='lat' dir='ltr'>aut</span> <span class='ocrx_word' id='word_1_32' title='bbox 667 504 771 557; x_wconf 83' lang='lat' dir='ltr'>cruciet</span> <span class='ocrx_word' id='word_1_33' title='bbox 789 501 864 572; x_wconf 88' lang='lat' dir='ltr'>quod</span> 
     </span>
     <span class='ocr_line' id='line_1_6' title="bbox 124 578 875 647; baseline -0.003 -13"><span class='ocrx_word' id='word_1_34' title='bbox 124 580 242 640; x_wconf 79' lang='lat' dir='ltr'>¹Vellicet</span> <span class='ocrx_word' id='word_1_35' title='bbox 260 580 401 633; x_wconf 78' lang='lat' dir='ltr'>absentem</span> <span class='ocrx_word' id='word_1_36' title='bbox 420 579 586 646; x_wconf 88' lang='lat' dir='ltr'>Demetrius,</span> <span class='ocrx_word' id='word_1_37' title='bbox 605 579 746 647; x_wconf 83' lang='lat' dir='ltr'>aut-quod</span> <span class='ocrx_word' id='word_1_38' title='bbox 763 578 875 646; x_wconf 80' lang='lat' dir='ltr'>ineptus</span> 
     </span>
     <span class='ocr_line' id='line_1_7' title="bbox 127 652 981 724; baseline -0.005 -14"><span class='ocrx_word' id='word_1_39' title='bbox 127 655 249 710; x_wconf 83' lang='lat' dir='ltr'>Fannius</span> <span class='ocrx_word' id='word_1_40' title='bbox 264 655 444 724; x_wconf 82' lang='lat' dir='ltr'>Hermogenis</span> <span class='ocrx_word' id='word_1_41' title='bbox 462 654 554 708; x_wconf 87' lang='lat' dir='ltr'>laedat</span> <span class='ocrx_word' id='word_1_42' title='bbox 572 654 683 708; x_wconf 83' lang='lat' dir='ltr'>conviva</span> <span class='ocrx_word' id='word_1_43' title='bbox 701 652 817 722; x_wconf 68' lang='lat' dir='ltr'>Tigelli?</span> <span class='ocrx_word' id='word_1_44' title='bbox 954 667 981 706; x_wconf 82' lang='lat' dir='ltr'>so</span> 
     </span>
     <span class='ocr_line' id='line_1_8' title="bbox 125 729 782 801; baseline -0.005 -16"><span class='ocrx_word' id='word_1_45' title='bbox 125 730 231 785; x_wconf 88' lang='lat' dir='ltr'>Plotius</span> <span class='ocrx_word' id='word_1_46' title='bbox 249 735 278 785; x_wconf 85' lang='lat' dir='ltr'>et</span> <span class='ocrx_word' id='word_1_47' title='bbox 295 731 402 798; x_wconf 81' lang='lat' dir='ltr'>Varius,</span> <span class='ocrx_word' id='word_1_48' title='bbox 420 731 567 801; x_wconf 84' lang='lat' dir='ltr'>¹Maecenas</span> <span class='ocrx_word' id='word_1_49' title='bbox 586 729 782 798; x_wconf 78' lang='lat' dir='ltr'>virgiliusque,</span> 
     </span>
    </p>

    <p class='ocr_par' dir='ltr' id='par_1_4' title="bbox 124 806 907 1026">
     <span class='ocr_line' id='line_1_9' title="bbox 124 806 884 875; baseline -0.004 -15"><span class='ocrx_word' id='word_1_50' title='bbox 124 806 239 874; x_wconf 79' lang='lat' dir='ltr'>Valgius</span> <span class='ocrx_word' id='word_1_51' title='bbox 257 811 286 860; x_wconf 86' lang='lat' dir='ltr'>et</span> <span class='ocrx_word' id='word_1_52' title='bbox 303 807 403 873; x_wconf 91' lang='lat' dir='ltr'>probet</span> <span class='ocrx_word' id='word_1_53' title='bbox 421 808 489 860; x_wconf 86' lang='lat' dir='ltr'>haec</span> <span class='ocrx_word' id='word_1_54' title='bbox 508 806 645 874; x_wconf 76' lang='lat' dir='ltr'>Octaviae,</span> <span class='ocrx_word' id='word_1_55' title='bbox 662 806 782 875; x_wconf 87' lang='lat' dir='ltr'>optimus</span> <span class='ocrx_word' id='word_1_56' title='bbox 799 808 884 872; x_wconf 81' lang='lat' dir='ltr'>atque</span> 
     </span>
     <span class='ocr_line' id='line_1_10' title="bbox 125 881 907 950; baseline -0.001 -14"><span class='ocrx_word' id='word_1_57' title='bbox 125 881 229 936; x_wconf 82' lang='lat' dir='ltr'>Fuscus</span> <span class='ocrx_word' id='word_1_58' title='bbox 247 886 277 935; x_wconf 84' lang='lat' dir='ltr'>et</span> <span class='ocrx_word' id='word_1_59' title='bbox 293 881 360 934; x_wconf 86' lang='lat' dir='ltr'>haec</span> <span class='ocrx_word' id='word_1_60' title='bbox 376 882 482 935; x_wconf 90' lang='lat' dir='ltr'>utinam</span> <span class='ocrx_word' id='word_1_61' title='bbox 500 881 645 935; x_wconf 84' lang='lat' dir='ltr'>Viscorum</span> <span class='ocrx_word' id='word_1_62' title='bbox 663 881 758 936; x_wconf 88' lang='lat' dir='ltr'>laudet</span> <span class='ocrx_word' id='word_1_63' title='bbox 774 884 907 950; x_wconf 83' lang='lat' dir='ltr'>uterque!</span> 
     </span>
     <span class='ocr_line' id='line_1_11' title="bbox 125 956 718 1026; baseline -0.002 -15"><span class='ocrx_word' id='word_1_64' title='bbox 125 957 286 1011; x_wconf 78' lang='lat' dir='ltr'>Ambitione</span> <span class='ocrx_word' id='word_1_65' title='bbox 303 957 426 1025; x_wconf 85' lang='lat' dir='ltr'>relegata</span> <span class='ocrx_word' id='word_1_66' title='bbox 442 961 472 1011; x_wconf 84' lang='lat' dir='ltr'>te</span> <span class='ocrx_word' id='word_1_67' title='bbox 490 956 583 1011; x_wconf 90' lang='lat' dir='ltr'>dicere</span> <span class='ocrx_word' id='word_1_68' title='bbox 600 974 718 1026; x_wconf 87' lang='lat' dir='ltr'>possum,</span> 
     </span>
    </p>

    <p class='ocr_par' dir='ltr' id='par_1_5' title="bbox 126 1031 979 1253">
     <span class='ocr_line' id='line_1_12' title="bbox 126 1031 979 1103; baseline 0 -16"><span class='ocrx_word' id='word_1_69' title='bbox 126 1032 221 1099; x_wconf 91' lang='lat' dir='ltr'>Pollio,</span> <span class='ocrx_word' id='word_1_70' title='bbox 238 1036 275 1098; x_wconf 83' lang='lat' dir='ltr'>te,</span> <span class='ocrx_word' id='word_1_71' title='bbox 294 1031 429 1101; x_wconf 74' lang='lat' dir='ltr'>Messalla,</span> <span class='ocrx_word' id='word_1_72' title='bbox 446 1037 495 1086; x_wconf 83' lang='lat' dir='ltr'>tuo</span> <span class='ocrx_word' id='word_1_73' title='bbox 513 1033 685 1103; x_wconf 83' lang='lat' dir='ltr'>cumfratre,</span> <span class='ocrx_word' id='word_1_74' title='bbox 704 1032 840 1103; x_wconf 90' lang='lat' dir='ltr'>simulque</span> <span class='ocrx_word' id='word_1_75' title='bbox 953 1047 979 1087; x_wconf 75' lang='lat'>85</span> 
     </span>
     <span class='ocr_line' id='line_1_13' title="bbox 126 1108 918 1177; baseline 0 -15"><span class='ocrx_word' id='word_1_76' title='bbox 126 1108 191 1177; x_wconf 89' lang='lat' dir='ltr'>Vos,</span> <span class='ocrx_word' id='word_1_77' title='bbox 210 1108 309 1162; x_wconf 92' lang='lat' dir='ltr'>Bibule</span> <span class='ocrx_word' id='word_1_78' title='bbox 326 1112 357 1163; x_wconf 90' lang='lat' dir='ltr'>et</span> <span class='ocrx_word' id='word_1_79' title='bbox 375 1109 459 1176; x_wconf 82' lang='lat' dir='ltr'>Servi,</span> <span class='ocrx_word' id='word_1_80' title='bbox 479 1109 558 1162; x_wconf 90' lang='lat' dir='ltr'>simul</span> <span class='ocrx_word' id='word_1_81' title='bbox 576 1108 619 1162; x_wconf 91' lang='lat' dir='ltr'>his</span> <span class='ocrx_word' id='word_1_82' title='bbox 637 1111 673 1177; x_wconf 89' lang='lat' dir='ltr'>te,</span> <span class='ocrx_word' id='word_1_83' title='bbox 692 1109 808 1163; x_wconf 85' lang='lat' dir='ltr'>candide</span> <span class='ocrx_word' id='word_1_84' title='bbox 826 1109 918 1177; x_wconf 88' lang='lat' dir='ltr'>Furni,</span> 
     </span>
     <span class='ocr_line' id='line_1_14' title="bbox 126 1183 809 1253; baseline 0 -16"><span class='ocrx_word' id='word_1_85' title='bbox 126 1183 287 1253; x_wconf 83' lang='lat' dir='ltr'>Complures</span> <span class='ocrx_word' id='word_1_86' title='bbox 305 1184 378 1253; x_wconf 89' lang='lat' dir='ltr'>alios,</span> <span class='ocrx_word' id='word_1_87' title='bbox 396 1185 490 1239; x_wconf 84' lang='lat' dir='ltr'>doctos</span> <span class='ocrx_word' id='word_1_88' title='bbox 508 1201 558 1253; x_wconf 89' lang='lat' dir='ltr'>ego</span> <span class='ocrx_word' id='word_1_89' title='bbox 577 1201 645 1253; x_wconf 88' lang='lat' dir='ltr'>quos</span> <span class='ocrx_word' id='word_1_90' title='bbox 663 1187 692 1237; x_wconf 90' lang='lat' dir='ltr'>et</span> <span class='ocrx_word' id='word_1_91' title='bbox 709 1185 809 1238; x_wconf 87' lang='lat' dir='ltr'>amicos</span> 
     </span>
    </p>

    <p class='ocr_par' dir='ltr' id='par_1_6' title="bbox 127 1259 967 1404">
     <span class='ocr_line' id='line_1_15' title="bbox 127 1259 967 1334; baseline 0 -20"><span class='ocrx_word' id='word_1_92' title='bbox 127 1259 253 1314; x_wconf 85' lang='lat' dir='ltr'>Prudens</span> <span class='ocrx_word' id='word_1_93' title='bbox 270 1264 431 1329; x_wconf 60' lang='lat' dir='ltr'>praetorem</span> <span class='ocrx_word' id='word_1_94' title='bbox 449 1260 547 1328; x_wconf 86' lang='lat' dir='ltr'>quibus</span> <span class='ocrx_word' id='word_1_95' title='bbox 564 1259 639 1326; x_wconf 88' lang='lat' dir='ltr'>baec,</span> <span class='ocrx_word' id='word_1_96' title='bbox 658 1264 721 1313; x_wconf 88' lang='lat' dir='ltr'>sunt</span> <span class='ocrx_word' id='word_1_97' title='bbox 739 1259 945 1329; x_wconf 72' lang='lat' dir='ltr'>qualiacunque,</span> <span class='ocrx_word' id='word_1_98' title='bbox 964 1330 967 1334; x_wconf 13' lang='grc' dir='ltr'><strong>Δ</strong></span> 
     </span>
     <span class='ocr_line' id='line_1_16' title="bbox 127 1334 771 1404; baseline -0.002 -16"><span class='ocrx_word' id='word_1_99' title='bbox 127 1334 262 1394; x_wconf 83' lang='lat' dir='ltr'>Arridcre</span> <span class='ocrx_word' id='word_1_100' title='bbox 279 1335 368 1403; x_wconf 87' lang='lat' dir='ltr'>velim,</span> <span class='ocrx_word' id='word_1_101' title='bbox 387 1334 521 1388; x_wconf 88' lang='lat' dir='ltr'>doliturus</span> <span class='ocrx_word' id='word_1_102' title='bbox 538 1334 562 1388; x_wconf 92' lang='lat' dir='ltr'>si</span> <span class='ocrx_word' id='word_1_103' title='bbox 579 1334 704 1402; x_wconf 87' lang='lat' dir='ltr'>placeant</span> <span class='ocrx_word' id='word_1_104' title='bbox 721 1350 771 1404; x_wconf 88' lang='lat' dir='ltr'>spe</span> 
     </span>
    </p>

    <p class='ocr_par' dir='ltr' id='par_1_7' title="bbox 120 1409 977 1553">
     <span class='ocr_line' id='line_1_17' title="bbox 120 1409 977 1478; baseline 0.002 -15"><span class='ocrx_word' id='word_1_105' title='bbox 120 1410 256 1473; x_wconf 60' lang='lat' dir='ltr'>,Deterins</span> <span class='ocrx_word' id='word_1_106' title='bbox 273 1414 373 1463; x_wconf 82' lang='lat' dir='ltr'>nostra</span> <span class='ocrx_word' id='word_1_107' title='bbox 409 1409 539 1476; x_wconf 83' lang='lat' dir='ltr'>Demetri,</span> <span class='ocrx_word' id='word_1_108' title='bbox 557 1413 649 1477; x_wconf 89' lang='lat' dir='ltr'>teque,</span> <span class='ocrx_word' id='word_1_109' title='bbox 669 1409 773 1478; x_wconf 76' lang='lat' dir='ltr'>Tigelli,</span> <span class='ocrx_word' id='word_1_110' title='bbox 951 1425 977 1466; x_wconf 76' lang='lat' dir='ltr'>ao</span> 
     </span>
     <span class='ocr_line' id='line_1_18' title="bbox 128 1484 807 1553; baseline 0.001 -15"><span class='ocrx_word' id='word_1_111' title='bbox 128 1485 327 1553; x_wconf 88' lang='lat' dir='ltr'>Discipularum</span> <span class='ocrx_word' id='word_1_112' title='bbox 343 1485 417 1538; x_wconf 82' lang='lat' dir='ltr'>inter</span> <span class='ocrx_word' id='word_1_113' title='bbox 430 1484 516 1552; x_wconf 90' lang='lat' dir='ltr'>jubeo</span> <span class='ocrx_word' id='word_1_114' title='bbox 532 1484 639 1552; x_wconf 84' lang='lat' dir='ltr'>plorare</span> <span class='ocrx_word' id='word_1_115' title='bbox 656 1484 807 1539; x_wconf 84' lang='lat' dir='ltr'>cathedras.</span> 
     </span>
    </p>

    <p class='ocr_par' dir='ltr' id='par_1_8' title="bbox 129 1558 866 1633">
     <span class='ocr_line' id='line_1_19' title="bbox 129 1558 866 1633; baseline 0 -18"><span class='ocrx_word' id='word_1_116' title='bbox 129 1561 153 1631; x_wconf 84' lang='grc' dir='ltr'>Ι,</span> <span class='ocrx_word' id='word_1_117' title='bbox 169 1576 245 1630; x_wconf 85' lang='lat' dir='ltr'>puer,</span> <span class='ocrx_word' id='word_1_118' title='bbox 262 1564 345 1630; x_wconf 85' lang='lat' dir='ltr'>atque</span> <span class='ocrx_word' id='word_1_119' title='bbox 361 1575 423 1615; x_wconf 90' lang='lat' dir='ltr'>meo</span> <span class='ocrx_word' id='word_1_120' title='bbox 440 1560 510 1613; x_wconf 88' lang='lat' dir='ltr'>citus</span> <span class='ocrx_word' id='word_1_121' title='bbox 526 1558 594 1613; x_wconf 91' lang='lat' dir='ltr'>haec</span> <span class='ocrx_word' id='word_1_122' title='bbox 610 1558 750 1633; x_wconf 79' lang='lat' dir='ltr'>subscribe</span> <span class='ocrx_word' id='word_1_123' title='bbox 766 1559 866 1616; x_wconf 89' lang='lat' dir='ltr'>libello.</span> 
     </span>
    </p>
   </div>
   <div class='ocr_carea' id='block_1_3' title="bbox 0 0 1155 3550">
    <p class='ocr_par' dir='ltr' id='par_1_9' title="bbox 0 0 1155 3550">
     <span class='ocr_line' id='line_1_20' title="bbox 0 0 1155 3550; baseline 0 0"><span class='ocrx_word' id='word_1_124' title='bbox 0 0 1155 3550; x_wconf 95' lang='lat' dir='ltr'> </span> 
     </span>
    </p>
   </div>
  </div>
 </body>
</html>
