2275 3550
427 206 634 256 oARMIn'UM
650 205 704 256 111.
723 209 762 256 30.

275 288 398 344 Fortuna
415 301 496 339 saevo
512 285 586 340 laeta
602 285 713 354 negotio
730 290 760 340 et

215 409 226 419 ,
275 363 384 419 Ludum
401 360 564 415 insolentem
582 361 678 415 ludere
695 360 822 429 pertinax
963 379 989 418 so

309 437 485 491 Transmutat
501 437 621 490 incertos
639 437 783 504 honorcs‚‘

344 513 370 565 N
372 528 424 565 unc
441 512 515 580 mihi,
532 529 604 567 nunc
622 513 668 566 alii
685 512 809 580 benigna.

276 588 371 643 Laudo
388 592 560 654 manentem
579 589 602 641 si
619 589 720 642 celeres
737 590 828 657 quatit

276 664 385 727 Pennas
402 664 510 733 resigno
528 680 605 738 quae
616 664 702 731 dedit,
720 667 749 718 et
765 680 828 719 mea
892 724 896 731 ,

310 740 424 794 Virtute
441 757 486 794 me
502 739 610 793 involvo
625 739 793 809 probamque
964 761 988 799 55

347 815 509 884 Pauperiem
526 815 584 868 sine
602 815 668 867 dote
678 830 792 882 quaero.

276 889 341 944 Non
359 893 402 943 est
419 906 510 943 meum
528 889 551 942 si
568 889 674 956 mugiat
691 889 793 943 Africis

277 965 368 1019 Malus
385 963 511 1033 procellis
528 964 565 1017 ad
582 965 695 1017 miseras
711 980 807 1032 preces

311 1040 472 1107 Decurrere,
491 1043 520 1094 et
536 1040 607 1093 votis
623 1039 723 1108 pacisci

346 1116 391 1171 Ne
409 1116 522 1184 Cypriae
540 1115 690 1184 Tyriaeque
707 1131 810 1170 meroes
965 1136 992 1173 ao
1064 1158 1069 1167 .

241 1186 244 1191 ⁴
279 1191 395 1247 Addunt
411 1207 493 1245 avaro
510 1191 620 1244 divitias
637 1191 722 1246 mari:
807 1212 808 1217 ¹

279 1269 354 1322 Tunc
370 1284 415 1321 me
432 1267 544 1321 biremis
560 1266 698 1335 praesidio
715 1266 830 1335 scaphae

313 1343 414 1397 Tutum
430 1358 481 1410 per
500 1344 625 1410 Aegaeos
641 1342 776 1396 tumultus

347 1419 427 1469 Aura
443 1416 515 1470 feret
531 1419 711 1485 geminusque
729 1416 833 1471 Polluu

522 1561 613 1617 XXX.

279 1638 370 1699 Exim
386 1647 591 1698 monumentum
608 1660 673 1698 aere
688 1645 834 1713 perennius

278 1720 428 1791 Regalique
445 1720 500 1774 situ
516 1720 687 1790 pyramidum
704 1720 793 1789 altius,

279 1797 360 1862 Quod
376 1814 430 1851 uon
446 1796 535 1851 imber
551 1797 630 1864 edax,
647 1813 702 1850 non
721 1798 822 1872 Aquilo
838 1798 974 1867 impotens

278 1873 370 1927 Possit
388 1873 497 1927 diruere
514 1876 563 1927 aut
580 1872 785 1927 innumerabilis

279 1951 421 2003 Annorum
439 1950 523 2002 series
540 1952 570 2002 et
586 1948 651 2017 fuga
667 1952 827 2017 temporum.
975 1966 990 2008 s

277 2025 305 2079 N
307 2041 342 2078 on
357 2024 445 2078 omnis
461 2023 575 2092 morian.
588 2024 728 2093 multaque
745 2040 808 2093 pars
824 2028 879 2078 mei

278 2100 388 2159 Vitabit
405 2100 569 2153 Libitinam:
586 2115 673 2168 usque
690 2116 741 2168 ego
757 2104 867 2168 postera

278 2175 406 2228 Cressam
422 2173 503 2238 laude
520 2189 617 2226 recens
633 2174 699 2226 dum
717 2174 879 2242 Capitolium

278 2248 399 2303 Scandet
415 2264 476 2301 cum
493 2247 578 2299 tacita
593 2247 699 2314 virgine
714 2249 845 2314 pontifex.

278 2323 362 2377 Dicar
379 2338 434 2390 qua
449 2321 552 2374 violens
569 2320 704 2389 obstrepit
722 2322 840 2375 Aufidus
965 2341 989 2383 lo

278 2397 316 2451 Et
333 2412 387 2465 qua
403 2411 508 2464 pauper
525 2411 612 2463 aquae
630 2396 743 2448 Daunus
760 2397 908 2464 agrestium

278 2471 414 2539 Regnavit
431 2470 599 2540 populorum,
617 2476 652 2523 e'x
669 2470 763 2524 humili
780 2476 884 2541 potens,

264 2546 410 2615 ¹Princeps
428 2546 555 2599 Aeolium
572 2561 681 2599 carmen
697 2545 735 2599 ad
753 2546 838 2599 Italos

278 2620 433 2675 Deduxisse
450 2620 552 2674 modos.
587 2620 842 2689 Sumesuperbiam

280 2696 436 2761 Quaesitam
453 2696 561 2749 meritis
576 2695 689 2749 etmihi
706 2695 840 2764 Delphica
964 2717 989 2757 ιε

279 2770 370 2826 Lauro
386 2771 464 2841 cinge
480 2771 581 2842 voleus,
598 2770 778 2842 Melpomene,
795 2786 910 2826 comam.
