2275 3550
395 223 651 273 EPISTOLARUM
668 226 689 273 Ι.
710 222 733 277 7.
941 227 988 280 167

125 306 170 362 Et
188 322 277 375 genus
294 307 324 360 et
340 304 456 359 formam
472 304 569 371 regina
587 304 706 359 Pecunia
723 304 815 374 donat,

126 384 177 436 Ac
197 383 268 437 bene
284 384 455 435 nummatum
472 380 585 434 decorat
604 380 723 434 Suadela
740 381 897 450 Venusque.

126 457 280 526 Mancipiis
296 456 417 524 locuples
434 459 499 522 eget
516 456 588 509 aeris
607 456 797 524 Cappadocum
814 473 877 510 rex:
911 511 917 521 ,

127 532 158 586 N
161 550 179 588 e
196 532 283 587 fueris
300 531 345 585 hic
362 536 401 585 tu.
433 530 601 600 'chlamydes
619 530 754 599 Lucullus,
772 535 805 586 ut
821 530 906 599 aiunt,
943 564 945 568 ·
966 545 989 585 4)

128 608 162 663 si
180 611 276 677 posset
293 610 404 661 centum
422 622 519 661 scenae
534 605 669 675 praebere
686 611 805 674 rogatus,

129 683 212 750 “Qui
230 699 341 752 possum
358 682 434 738 tnt'i''
454 683 508 748 ait;
528 683 645 737 “tamen
664 686 694 737 et
714 699 843 752 quaeram
867 686 897 737 ct
920 686 988 750 quot

203 759 311 814 habebo

129 836 247 890 Mittam
255 835 276 890 :’'
293 839 357 905 post
373 835 455 904 paulo
473 834 570 889 scribit
587 835 640 889 sibi
657 835 743 890 millia
760 835 880 906 quinque

131 912 203 965 Esse
220 911 295 965 donni
312 911 499 980 chlamydum
515 915 624 980 partem
641 912 686 966 vel
703 912 813 966 tolleret
830 927 929 967 omues

131 986 221 1041 Exilis
239 987 335 1040 domm
353 992 397 1041 est
414 986 462 1040 ubi
479 1003 533 1040 non
551 991 581 1041 et
599 988 686 1041 multa
703 990 850 1056 supersunt
967 1006 992 1045 rs

132 1064 172 1117 Et
189 1063 330 1117 dominum
346 1063 445 1117 fallunt
463 1067 493 1116 et
509 1065 626 1131 prosunt
642 1061 757 1115 furibus.
792 1062 873 1131 Ergo,

132 1138 164 1192 Si
182 1155 228 1192 res
246 1139 303 1193 sola
319 1142 413 1208 petest
429 1139 521 1192 facere
539 1141 569 1192 et
586 1154 697 1192 servare
713 1136 833 1205 beatum,

133 1214 198 1268 Hoc
215 1214 321 1282 primus
338 1216 449 1282 repetas
467 1229 542 1282 opus,
559 1211 613 1266 hnc
629 1217 784 1281 postremus
801 1212 918 1268 omittas.

133 1290 165 1343 Si
174 1290 353 1343 ‘fortunatum
371 1288 475 1358 species
493 1292 523 1342 et
539 1288 630 1356 gratia
646 1291 777 1357 praestat,

134 1365 293 1418 Mercemur
310 1381 418 1418 servum
436 1363 484 1433 qui
501 1362 589 1418 dictet
606 1364 722 1431 nomina,
740 1364 848 1418 laevum
963 1383 989 1424 ae
1057 1387 1064 1399 ·

134 1441 189 1505 Qui
206 1440 309 1495 fodicet
327 1441 400 1495 latus
418 1443 449 1494 et
465 1442 545 1508 cogat
562 1444 641 1493 trans
658 1440 781 1509 pondera
798 1440 924 1493 dextram

138 1516 289 1585 Porrigore.
324 1516 403 1570 “Hic
417 1515 534 1569 miiitum
551 1515 581 1568 in
599 1515 686 1569 Fabia
702 1516 783 1584 valet,
802 1516 849 1569 ille
867 1515 982 1581 Velina;
1013 1552 1017 1558 -

134 1591 187 1646 cui
204 1592 273 1646 libet
289 1591 334 1647 hic
350 1591 437 1646 fasces
455 1590 533 1644 dabit
551 1591 706 1660 eripietque
724 1591 818 1645 curule
1041 1585 1047 1596 ’

134 1668 186 1722 cui
203 1669 277 1723 volet
294 1669 466 1737 importunus
484 1666 574 1720 ebur?
610 1666 717 1733 Frater,
735 1668 827 1735 Pater,
845 1667 933 1737 adde;

134 1743 176 1799 Ut
193 1744 291 1813 carique
309 1751 353 1798 est
369 1748 446 1798 aetas
463 1743 503 1797 ita
520 1758 658 1813 quemque
675 1743 781 1798 facetus
798 1743 907 1813 adopta
961 1763 987 1807 aa

135 1819 165 1874 Si
182 1819 254 1874 bene
271 1820 318 1888 qui
336 1822 434 1872 coenat
451 1817 523 1871 beno
540 1818 616 1885 vivit,
634 1818 715 1887 lucet,
733 1836 827 1874 eamus

137 1897 197 1960 Quo
215 1895 292 1949 ducit
309 1895 388 1962 gula3
405 1893 549 1962 piscamur,
560 1909 700 1961 venemur,
718 1898 751 1948 ut
768 1894 834 1949 elim

137 1970 282 2039 Gargilius,
301 1969 349 2039 qui
367 1985 446 2022 mane
463 1969 564 2037 plagas,
583 1968 723 2037 venabula,
743 1986 836 2024 servos

137 2045 284 2100 Diffcrtum
302 2045 419 2099 transire
436 2044 525 2098 forum
541 2043 727 2113 populumque
741 2045 866 2115 jubebat,

137 2121 216 2176 Unus
234 2126 266 2176 ut
284 2137 300 2175 e
318 2120 412 2174 multis
429 2120 529 2189 populo
550 2124 693 2188 spectante
710 2122 828 2175 referret
965 2137 990 2178 ou

138 2199 270 2267 Emptum
287 2197 378 2251 mulus
395 2212 499 2265 aprum.
535 2195 621 2250 (trudi
639 2197 793 2265 tumidique
811 2198 939 2267 lavemur,

139 2273 211 2338 Quid
229 2274 333 2338 deceat,
351 2271 418 2341 quid
435 2288 497 2338 non,
514 2270 601 2338 obliti,
621 2271 729 2327 Caerite
746 2278 827 2327 cera
911 2288 914 2294 ·

137 2349 226 2419 Digni,
244 2349 388 2417 reuiigrium
406 2347 534 2401 vitiosum
553 2347 707 2402 Ithacensis
723 2349 822 2419 Ulixei,

138 2425 188 2480 (lui
204 2427 295 2494 potior
311 2423 402 2494 patria
418 2423 471 2478 fuit
489 2422 639 2479 interdicta
655 2425 787 2494 voluptas.

52 2539 54 2542 ι
138 2500 175 2568 Si,
193 2500 373 2555 Mimnermus
389 2499 432 2553 uti
449 2502 550 2565 censet,
569 2499 629 2554 sine
646 2517 738 2555 amere
751 2501 877 2572 jocisque
964 2517 989 2559 σε

139 2577 185 2629 Nil
202 2579 245 2630 est
257 2575 418 2645 jucundum,
436 2574 511 2628 vivas
528 2575 557 2627 in
578 2591 671 2629 amore
683 2575 815 2646 jocisque.

139 2651 214 2719 Vive,
232 2652 300 2706 vale.
335 2651 365 2705 si
382 2650 451 2719 quid
468 2649 568 2704 novisti
586 2651 687 2705 rectius
704 2652 765 2706 istis

140 2726 279 2783 Candidus
295 2726 408 2795 imperti
417 2745 425 2791 ;
442 2724 465 2778 si
482 2741 538 2780 non
554 2724 599 2780 his
615 2729 695 2781 utere
711 2744 823 2785 mecum.

141 2952 270 3018 vaovn
287 2951 347 3005 dies
364 2949 418 3005 tibi
434 2948 573 3019 pollicitus
590 2968 635 3007 me
651 2969 716 3008 rure
732 2954 861 3024 futurum,

140 3028 270 3082 Sextilem
287 3030 378 3080 totum
397 3025 515 3080 mendax
533 3026 683 3082 desideror.
720 3031 807 3098 Atqui

141 3104 169 3158 Si
185 3120 230 3157 me
248 3103 340 3157 vivere
358 3102 400 3156 vis
417 3119 512 3156 sanum
530 3107 661 3172 rectoque
678 3105 821 3172 valentem,

141 3180 226 3245 Quam
243 3178 311 3232 mihi
329 3178 380 3231 das
397 3195 480 3246 aegro
498 3177 577 3232 dabis
594 3184 735 3247 aegrotare
752 3180 868 3245 timenti,

140 3254 289 3321 Maecenas,
306 3255 422 3319 veniam,
440 3253 506 3306 dum
525 3255 593 3306 ficus
610 3255 698 3322 prima
715 3254 841 3323 calorque
976 3270 990 3313 σ
