2275 3550
131 208 178 254 192
205 207 210 216 “
405 202 560 254 HORA‘I'II
577 201 709 253 FLAOGI

129 285 235 354 Virtus,
252 283 365 353 indigno
382 300 436 337 non
454 283 651 338 committenda
666 286 773 352 poetae.

129 361 232 416 Gratus
251 360 410 415 Alexandro
428 360 489 427 regi
506 359 609 426 Magno
628 360 681 413 luit
698 361 745 415 illo

73 456 77 462 ’
130 436 279 504 Choerilus,
296 435 406 489 incultis
424 435 472 503 qui
489 434 615 488 versibus
632 438 662 488 et
680 436 751 490 male
769 440 841 493 natis

130 512 250 566 Rettulit
267 514 400 579 acceptos,
419 510 512 579 regale
529 510 669 578 nomisma,
689 510 852 581 Philippos.

130 588 186 641 Sed
203 588 288 641 veluti
305 590 425 640 tractata
442 590 535 640 notam
554 585 699 655 labemque
717 589 863 644 remittunt
947 600 990 643 sss

131 666 303 732 Atramenta,
321 662 380 717 lere
399 662 547 730 scriptores
565 662 684 716 carmine
703 663 783 717 foedo

129 739 281 808 Splendida
296 739 370 793 facta
385 737 483 792 linunt.
519 737 601 791 Idem
617 754 668 791 rex
684 738 731 792 ille
749 742 846 807 poema

130 815 183 880 uui
201 819 258 869 tam
275 814 421 868 ridiculum
439 817 497 867 tam
515 829 578 866 care
596 813 727 881 prodigus
745 815 819 883 emit,

130 890 228 945 Edicto
245 891 335 945 vetuit
351 906 386 943 ne
405 889 466 958 quis
484 905 514 943 se
532 892 644 957 praeter
662 889 780 956 Apellen

130 967 269 1035 Pingeret,
287 970 336 1020 aut
353 965 424 1019 alius
442 963 562 1033 Lysippo
581 965 695 1019 duceret
713 981 778 1019 aera
951 981 992 1022 240

131 1042 223 1097 Fortis
242 1040 394 1096 Alexandri
412 1040 518 1094 vultum
538 1040 699 1094 simulantia
736 1041 840 1106 Quodsi

129 1118 150 1171 J
151 1118 273 1172 udicium
291 1116 393 1170 subtile
411 1115 537 1171 ridendis
554 1115 661 1170 artibus
678 1116 747 1169 illud

131 1194 179 1247 Ad
195 1195 281 1248 libros
298 1196 328 1247 et
346 1192 383 1246 ad
400 1192 467 1246 baec
485 1192 629 1245 Musarum
647 1192 717 1245 dona
734 1208 852 1261 vocares,

130 1269 265 1324 Boeotum
282 1270 311 1323 in
330 1285 420 1322 crasso
434 1268 545 1336 jurares
562 1272 627 1321 edre
644 1271 747 1322 natum

131 1347 173 1399 At
189 1362 279 1415 neque
297 1345 463 1399 dedecorant
481 1348 531 1398 tua
548 1344 584 1397 de
602 1359 633 1397 se
646 1342 753 1411 judicia
770 1347 855 1413 atque
951 1358 989 1399 sss

131 1421 253 1487 Munera,
272 1437 342 1490 quae
360 1421 447 1474 multa
465 1419 556 1473 dantis
575 1436 636 1474 cum
653 1419 736 1473 laude
754 1420 878 1476 tulerrmt

130 1497 232 1551 Dilecti
249 1496 301 1549 tibi
320 1495 453 1562 Virgilius
472 1495 627 1564 Variusque
638 1499 751 1563 poetae3

131 1573 157 1625 N
159 1588 191 1626 ec
208 1572 295 1640 magis
313 1570 435 1639 expressi
452 1569 544 1624 vultus
561 1587 612 1638 per
629 1576 715 1625 aenea
733 1571 819 1639 signa,

131 1648 221 1712 Quam
239 1664 291 1717 per
308 1646 379 1700 vatis
396 1662 465 1715 opus
482 1662 571 1699 mores
589 1646 727 1716 animique
745 1647 864 1701 virorum

132 1724 273 1779 Clarorum
291 1724 432 1792 apparent.
468 1720 527 1777 Nec
545 1738 684 1777 sermones
701 1739 752 1792 ego
770 1723 880 1777 mallem
950 1737 985 1778 aso

132 1801 273 1870 Repentes
290 1817 341 1869 per
357 1799 470 1852 humum
488 1815 571 1867 quam
588 1816 635 1853 res
653 1816 816 1868 componere
833 1803 932 1867 gestus,

132 1878 333 1945 Terrarumque
350 1876 420 1930 situs
437 1879 467 1929 et
484 1874 597 1928 flumina
615 1875 713 1943 dicere,
732 1880 763 1930 et
778 1892 855 1929 arces

132 1953 274 2007 Montibus
291 1952 440 2030 impositas,
458 1954 487 2005 et
505 1950 624 2004 barbara
640 1968 732 2018 regna
749 1951 860 2021 tuisque

134 2029 272 2100 Auspiciis
289 2017 378 2082 totum
396 2027 519 2081 confecta
490 2026 628 2080 tduella
645 2043 696 2095 per
712 2026 815 2095 orbem,

133 2106 313 2172 claustraque
330 2103 472 2156 custodem
489 2101 563 2170 pacis
581 2101 736 2156 cohibentia
752 2103 862 2172 danum,
949 2118 985 2159 su

132 2181 170 2235 Et
186 2179 361 2234 formidatam
381 2177 491 2231 Parthis
508 2180 538 2230 te
555 2177 680 2246 principe
699 2178 822 2246 Romam,

133 2257 162 2310 Si
174 2258 307 2325 quantum
318 2268 446 2322 cuperem
457 2267 564 2320 possem
577 2268 699 2321 quoque;
711 2253 761 2306 sed
771 2270 860 2324 neque
871 2271 985 2324 parvum

134 2332 251 2384 Carmen
268 2329 398 2396 majestas
415 2327 513 2395 recipit
531 2329 580 2380 tus
596 2344 648 2382 nec
666 2344 743 2383 meus
760 2330 844 2385 audet

36 2449 39 2455 .
133 2407 204 2461 Rem
221 2408 330 2459 tentare
347 2403 436 2472 pudor
454 2419 537 2472 quam
554 2403 627 2457 vires
644 2404 717 2458 ferre
735 2410 870 2461 recusent

133 2480 271 2535 Sedulitas
289 2483 381 2533 autem
400 2478 485 2533 stulte
502 2478 590 2547 quem'
603 2479 694 2547 diligit
710 2486 801 2550 urget,
941 2499 986 2538 eso

134 2557 282 2626 Praecipue
300 2572 362 2610 cum
380 2573 410 2609 se
428 2556 548 2609 numeris
566 2555 740 2610 commendat
758 2562 787 2612 et
804 2561 877 2613 arte:

133 2633 222 2687 Discit
239 2634 312 2686 enim
329 2632 411 2685 citius
428 2631 609 2699 meminitque
625 2631 756 2685 libentius
774 2634 843 2687 illud

134 2708 214 2774 Quod
232 2708 294 2777 quis
312 2707 429 2773 deridet
447 2722 530 2776 quam
548 2705 622 2775 quod
639 2707 738 2775 probat
755 2711 785 2762 et
802 2712 956 2765 veneratur.

133 2785 181 2840 Nil
198 2800 289 2838 moror
306 2782 423 2836 officium
441 2782 515 2869 quod
533 2798 578 2834 me
595 2785 699 2850 gravat,
718 2801 750 2837 ac
767 2801 858 2867 neque
876 2786 941 2840 ficto

134 2862 170 2915 In
186 2860 266 2931 pejus
283 2859 362 2913 vultu
379 2857 493 2926 proponi
511 2873 606 2911 cereus
623 2874 747 2927 usquam,
959 2863 993 2903 ses

134 2937 194 2990 Nec
210 2951 296 3004 prave
314 2933 378 2987 fact'
369 2951 394 2986 is
358 2933 537 2986 tdecorari
553 2933 679 2986 versibus
695 2939 768 3003 opto,

133 3012 178 3065 Ne
194 3010 307 3064 rubeam
324 3008 420 3077 pingui
438 3007 555 3061 donatus
573 3024 694 3075 munere,
713 3013 743 3062 et
759 3027 814 3064 una

134 3086 203 3140 (tum
221 3086 354 3153 scriptore
371 3099 440 3151 meo,
458 3098 539 3150 capsa
556 3087 697 3149 porrectus
715 3090 817 3152 aperta,

133 3158 251 3220 Deferar
269 3161 298 3212 iu
315 3160 405 3213 vicum
423 3157 587 3211 vendentem
604 3156 668 3209 thus
686 3161 715 3210 et
731 3159 830 3212 odores

132 3232 171 3286 Et
186 3235 267 3300 piper
284 3236 313 3286 et
331 3232 467 3301 quidquid
484 3230 586 3286 chartis
605 3229 731 3284 amicitur
747 3233 856 3300 ineptis.
951 3250 987 3291 stc
