2275 3550
136 193 181 246 178
406 193 561 242 HORATII
579 194 709 242 FLAGGI

133 274 221 337 Quem
234 273 287 327 nisi
304 274 465 327 mendosum
481 276 510 327 et
526 272 736 328 medicanduml
772 274 825 327 Vir
840 272 993 329 bonusest

131 350 187 413 ¹Qui
205 349 328 403 consulta
345 353 464 418 patrum,
481 350 529 417 qui
546 348 622 417 leges
635 348 755 417 juraque
773 354 873 417 servat,
898 349 993 429 [quisi

30 487 34 493 Ι
134 425 194 488 Quo
212 426 315 479 multae
332 442 502 493 magnaeque
520 429 648 479 secantur
665 422 761 493 judice
778 425 850 494 lites,

135 501 196 564 Quo
214 517 259 554 res
277 517 405 569 sponsore
423 505 453 555 et
471 519 525 570 quo
543 518 642 554 causae
658 504 732 555 teste
750 505 890 557 tenentur.

136 576 192 629 Sed
209 576 286 629 videt
302 577 374 630 hunc
391 577 479 630 omnis
497 576 596 629 domus
613 579 643 629 et
661 576 759 629 vicinia
775 580 840 646 tota

137 652 291 705 introrsum
308 655 425 721 turpem,
444 653 597 720 speciosum
614 652 686 720 pelle
704 652 811 707 decora
966 670 997 709 ss

136 728 183 779 “N
186 744 216 781 ec
233 728 339 781 furtum
356 728 409 781 ieci
427 744 477 781 nec
495 728 575 794 fugi''
594 727 617 781 si
635 727 701 780 mihi
719 727 794 781 dicat

137 803 271 871 Servus‘
273 803 380 858 ‘Habes
397 803 526 872 pretium,
543 802 610 855 loris
627 820 682 856 non
699 804 810 870 ureris‚’'
828 804 878 859 aio.

137 879 183 931 N
186 896 226 933 on
232 879 369 934 hominem
381 878 488 932 occidi.¹’
526 878 609 931 Non
620 891 716 945 pasces
727 878 756 930 in
767 895 848 932 cmce
860 880 983 934 corr0s”

137 954 225 1007 “Sum
243 955 330 1009 bonus
348 957 377 1009 et
394 954 489 1021 frugiss'
524 942 647 1007 “Renuit
635 953 826 1023 tnegitatque
844 956 983 1010 Sabellus:

138 1029 209 1084 (laut
197 1034 242 1084 tus
260 1030 333 1084 enim
351 1030 451 1084 metuit
467 1030 574 1083 foveam
592 1029 672 1097 lupus
690 1031 873 1099 accipiterque
967 1048 994 1087 5ο

139 1106 254 1174 Suspeet
255 1123 285 1160 os
302 1107 414 1175 laqueos
432 1110 461 1160 et
478 1109 604 1172 opertum
622 1105 722 1158 miluus
739 1106 857 1160 hamum.

139 1182 266 1237 Oderunt
282 1199 396 1252 peccare
414 1181 479 1235 boni
497 1180 608 1234 virtutis
624 1197 731 1246 amore3

138 1258 180 1311 'Pu
197 1259 264 1312 nihil
282 1258 413 1313 admittes
430 1258 459 1311 in
476 1261 506 1311 te
523 1257 669 1310 formidine
686 1274 804 1326 poenae:

93 1377 98 1386 .
139 1335 182 1388 Sit
200 1351 263 1403 spes
281 1334 399 1401 fallendi,
416 1331 543 1386 miscebis
561 1348 638 1386 sacra
654 1334 790 1400 profanis;

139 1411 211 1463 Nam
229 1411 264 1464 de
282 1410 356 1463 mille
373 1409 453 1462 fabae
470 1407 569 1461 modiis
588 1425 649 1462 cum
667 1410 782 1478 surripis
800 1428 902 1479 unum.
948 1427 993 1468 ιε

140 1486 276 1538 Damnum
294 1489 407 1538 estnon
424 1483 529 1537 facinus
546 1483 614 1536 mihi
631 1489 713 1552 paeto
730 1486 818 1541 lenius
835 1487 911 1541 isto.”

140 1560 191 1614 Vir
202 1561 297 1628 bonus,
309 1576 389 1613 omne
400 1560 489 1612 forum
502 1575 584 1627 quem
596 1564 704 1627 spectat
716 1565 745 1614 et
757 1578 837 1616 omne
848 1562 978 1631 tribunal,

140 1637 361 1704 Quandocunque
380 1634 446 1689 deos
462 1634 506 1688 vel
522 1651 605 1703 porco
622 1635 665 1688 vel
682 1635 752 1690 bove
769 1638 865 1708 placat,

140 1713 211 1766 Jane
228 1716 321 1783 pater!
341 1711 419 1777 clare,
439 1710 511 1764 clare
529 1727 591 1763 cum
609 1710 688 1778 dixit,
708 1713 821 1782 Apollo!

141 1788 230 1843 Labra
247 1792 338 1843 movet
356 1791 481 1841 metuens
498 1787 623 1840 audiri:.
623 1788 761 1842 “Pulchra
778 1790 908 1861 Laverna,
963 1812 988 1850 cc

141 1864 185 1917 Da
201 1865 268 1919 mihi
285 1864 387 1929 fallere
405 1862 466 1916 da
453 1866 532 1931 Justo
550 1867 699 1932 sanctoque
716 1865 812 1934 videri,

140 1939 257 1994 Noctem
274 1940 392 2010 peccatis
410 1944 439 1993 et
456 1938 599 1992 fraudibus
617 1939 705 2007 objice
722 1941 846 1996 nubem.”

141 2015 194 2079 Qui
210 2016 306 2069 melior
323 2031 408 2084 serve,
426 2014 475 2084 qui
492 2013 603 2068 liberior
621 2016 659 2069 sit
676 2031 780 2084 avarus,

141 2090 176 2143 In
193 2091 282 2144 triviis
299 2091 384 2145 fixum
402 2107 464 2143 cum
482 2106 512 2144 se
530 2089 653 2144 demittit
670 2090 706 2143 ob
724 2107 819 2162 assem,

141 2166 203 2220 Non
220 2166 315 2230 video;
332 2183 396 2219 nam
415 2166 462 2233 qui
480 2166 573 2234 cupiet
589 2170 695 2221 metuet
713 2184 837 2236 quoque;
854 2183 943 2240 porro,
966 2187 991 2226 cs

140 2241 194 2304 Qui
211 2244 269 2294 met
270 2257 338 2294 nens
355 2242 429 2294 vivet
446 2239 516 2293 liber
533 2241 600 2293 mihi
617 2258 672 2294 non
689 2243 744 2297 erit
761 2261 888 2332 unquam

141 2315 267 2369 Perdidit
284 2331 367 2381 arma,
384 2315 473 2368 locum
491 2315 602 2369 virtutis
620 2317 751 2386 deseruit
771 2322 818 2389 qui

141 2390 280 2458 Semper
272 2407 299 2443 ιιι
318 2390 443 2458 augenda
460 2390 573 2444 festinat
590 2394 619 2445 et
637 2392 729 2447 obruit
717 2398 764 2448 tur
781 2412 819 2450 re.

141 2466 270 2520 Vendere
287 2482 350 2519 cum
367 2467 454 2534 possis
471 2466 609 2535 captivum
627 2469 752 2524 occidere
769 2472 839 2538 ncli;
907 2519 924 2535 Α
997 2471 1004 2482 '

141 2542 248 2596 Servict
266 2541 385 2597 utiliter:
404 2542 463 2596 siue
481 2545 575 2611 pascat
593 2543 678 2597 durus
696 2550 819 2615 aretque,
966 2563 992 2604 to

141 2617 261 2684 Naviget
277 2633 310 2670 ac
327 2617 425 2671 mediis
441 2618 545 2673 hiemet
562 2624 698 2673 mermtor
714 2621 742 2674 in
761 2622 858 2690 undis;

141 2694 275 2747 Anconae
292 2693 393 2761 prosit3
410 2697 502 2761 portet
519 2695 657 2748 frumenta
674 2712 821 2765 penusque.

141 2769 194 2823 Vir
211 2769 298 2823 bonus
316 2772 345 2822 et
363 2770 470 2838 sapiens
487 2769 602 2824 audebit
620 2770 726 2827 dicere:
744 2773 903 2842 “Pentheu,

142 2844 244 2900 Rector
262 2844 424 2911 Thebarum,
443 2845 511 2913 quid
527 2862 573 2899 me
590 2848 713 2915 perferre
730 2849 845 2918 patique

142 2921 290 2989 Indignum
298 2937 377 2988 coges
385 2921 412 2974 l”
426 2921 576 2974 “Adimam
585 2921 677 2977 hona”
690 2925 818 2994 “Nempe
824 2942 915 2995 pecus,
923 2943 992 2995 rem,

141 2995 247 3063 Lectos,
266 2999 426 3064 argentum:
445 2996 524 3050 tollas
541 2996 627 3050 licet.”
664 2999 720 3052 ((Ιιι
738 3001 850 3054 manicis
868 3004 898 3055 ct
967 3018 992 3057 ιο

143 3038 328 3140 Compedibus
346 3088 428 3126 saevo
446 3075 474 3124 te
492 3071 542 3124 sub
560 3074 674 3127 custode
692 3075 814 3129 tenebo.'’

140 3145 228 3214 “Ipse
246 3147 315 3200 deus
333 3146 413 3200 simul
431 3151 514 3215 atque
531 3146 620 3200 volam
637 3166 682 3203 me
700 3150 808 3204 solvet?
844 3150 949 3221 Opinor

140 3218 203 3274 Hoc
220 3222 319 3276 sentit:
339 3221 477 3308 ((Μοιιιις
494 3237 566 3274 mors
583 3222 681 3276 ultima
698 3223 771 3278 linea
787 3242 882 3281 rerum
899 3229 964 3284 est?
