2275 3550
417 461 693 533 SATIRARUM

335 697 504 756 LIBER
537 696 760 761 PRIMUS=

541 920 566 977 L
794 874 805 913 Ι

128 998 184 1064 QUI
201 999 241 1068 fit,
259 999 411 1071 Maecenas,
428 1006 462 1057 ut
479 1019 559 1056 nemo
577 1018 659 1071 quam
677 1002 730 1057 sibi
748 1006 852 1067 sortem

128 1074 184 1130 Seu
200 1077 271 1130 ratio
289 1076 398 1131 dederit
415 1094 464 1132 seu
481 1078 538 1131 fors
555 1077 688 1146 objecerit
704 1078 752 1132 illa

129 1150 280 1206 Contentus
296 1152 378 1221 vivat,
395 1153 491 1207 laudet
508 1153 617 1207 diversa
635 1156 800 1222 sequentesl

128 1225 177 1279 “O
194 1227 325 1282 fortunati
342 1232 507 1282 mercatores
518 1229 539 1282 P’
557 1228 648 1296 gravis
665 1229 744 1282 annis

128 1299 209 1355 Miles
226 1302 266 1357 ait
282 1302 370 1356 multo
383 1303 443 1371 jam
460 1303 563 1357 fractus
581 1302 704 1356 membra
720 1302 820 1359 labore.
966 1320 980 1362 ε

127 1375 230 1431 Contra
247 1381 387 1446 mercator,
405 1395 502 1433 navem
515 1377 686 1446 jactantibus
704 1378 828 1434 Austris:

128 1450 251 1506 “Militia
268 1457 311 1506 est
329 1454 425 1522 potior.
461 1452 535 1518 Quid
552 1454 633 1518 enim,
651 1453 835 1510 concurritur:
852 1454 937 1511 horae

101 1534 106 1542 ’
128 1525 268 1580 Memento
285 1527 340 1581 cita
357 1544 431 1581 mors
447 1528 523 1581 venit
540 1532 589 1581 aut
606 1528 720 1581 victorio
735 1527 829 1583 lactff

128 1600 284 1670 Agricolam
301 1602 396 1657 laudat
410 1602 483 1671 juris
500 1603 647 1671 legumque
663 1603 776 1671 peritus,

128 1675 186 1731 Sub
203 1677 267 1744 gelli
284 1681 394 1738 cantum
411 1678 549 1732 consultor
565 1677 613 1730 ubi
631 1679 703 1732 ostia
719 1679 817 1747 pulset.
897 1674 903 1689 ⁴
956 1696 979 1736 ro

129 1751 181 1807 Ille
198 1753 271 1808 datis
288 1753 404 1812 uadibus
421 1754 469 1824 qui
486 1770 552 1809 rure
569 1756 709 1808 extractus
726 1753 756 1809 in
772 1754 873 1810 urbem
889 1759 933 1811 est

129 1827 205 1883 Solos
222 1829 314 1884 felices
332 1831 454 1885 viventes
471 1831 572 1886 clamat
588 1830 618 1883 in
634 1830 710 1885 urbe

128 1904 229 1959 Cetera
245 1905 282 1960 de
298 1922 401 1975 genere
417 1906 476 1977 hoc,
493 1906 563 1961 adeo
581 1911 647 1960 sunt
664 1906 758 1975 multa,
775 1906 915 1976 loquacem

128 1978 273 2035 Delassare
291 1982 384 2037 volent
402 1981 525 2037 Fabium.
560 1982 587 2036 N
590 1998 606 2035 e
623 1985 653 2035 te
670 1998 769 2049 morer,
787 1982 853 2035 audi

128 2053 188 2118 Quo
205 2072 264 2109 rem
281 2056 423 2112 deducam.
458 2058 487 2112 si
505 2058 567 2127 quis
585 2057 669 2124 Deus,
682 2056 748 2109 “En
764 2056 836 2125 ego‚'’
849 2056 930 2123 dicat,
953 2071 978 2110 15

128 2128 215 2183 “Jam
232 2131 330 2185 faciam
348 2131 422 2204 quod
439 2134 535 2188 vultis:
555 2132 610 2185 eris
626 2136 666 2198 tu,
684 2131 732 2200 qui
749 2132 831 2185 modo
847 2131 933 2198 miles,

127 2203 280 2270 Mercator3
296 2209 336 2274 tu,
354 2206 493 2260 consultus
510 2207 598 2273 modo,
616 2205 749 2259 rusticus:
767 2205 829 2259 hinc
845 2221 901 2269 vos,

127 2277 185 2331 Vos
202 2279 266 2332 hinc
282 2280 395 2333 mutatis
413 2279 547 2352 discedite
564 2278 703 2346 partibus:
722 2278 786 2330 Eia!

127 2352 201 2417 Quid
218 2352 329 2407 statisl'’
348 2353 442 2407 nolint.
478 2354 567 2426 Atqui
584 2353 650 2405 licet
668 2367 728 2405 esse
745 2351 842 2405 beatis.

127 2428 201 2492 Quid
218 2443 315 2481 causae
333 2431 376 2482 eet
393 2427 492 2481 merito
509 2427 577 2499 quin
594 2426 648 2480 illis
666 2425 798 2494 Juppiter
814 2424 910 2481 ambas
953 2446 977 2483 co

127 2502 219 2556 Iratus
237 2501 336 2557 buccas
353 2503 439 2572 inflet,
456 2520 546 2572 neque
564 2517 594 2555 se
611 2502 670 2555 fore
686 2500 801 2569 posthac

127 2577 194 2631 Tam
207 2577 314 2632 facilem
332 2578 407 2633 dicat
423 2579 494 2633 votis
511 2582 544 2631 ut
559 2576 691 2646 praebeat
707 2577 819 2633 curem?

127 2653 274 2707 Praetereo
290 2670 325 2707 ne
343 2654 389 2726 sic,
407 2653 504 2722 utqui
517 2651 658 2723 jocularia,
675 2650 770 2705 ridens

126 2728 289 2785 Percurram
307 2731 481 2798 (quemquam
498 2729 635 2785 ridentem
653 2727 745 2781 dicere
762 2744 858 2782 verum

127 2803 200 2872 Quid
217 2806 313 2860 vetati
330 2808 363 2867 ut
379 2805 472 2875 pueris
489 2804 554 2870 olim
572 2801 779 2857 dant'omstula
795 2802 890 2858 blandi
951 2818 977 2860 25

126 2879 267 2950 Doctoreq
285 2879 421 2936 elementa
437 2879 525 2954 velint
541 2882 574 2934 ut
591 2879 697 2933 discere
714 2879 828 2956 prima);

126 2954 183 3008 Sed
200 2958 293 3020 tamen
310 2960 401 3010 emoto
419 2971 582 3027 quaeremm
600 2955 672 3008 seria
689 2955 762 3009 ludo.

127 3029 179 3083 Ille
195 3046 306 3097 gravem
323 3032 392 3085 duro
409 3035 513 3087 terram
531 3030 579 3100 qui
596 3031 682 3089 vertit
698 3035 797 3099 aratro,

126 3102 253 3159 Perfidus
270 3106 314 3160 hic
332 3122 424 3184 canpe,
442 3107 527 3178 mileo,
545 3109 701 3174 nautaeque
719 3120 866 3174 per-omne

128 3178 254 3235 Audaces
271 3196 346 3235 moro
363 3181 411 3252 qui
429 3183 550 3251 currunt,
567 3180 619 3235 hac
635 3183 728 3237 mente
744 3179 866 3233 laborem
951 3187 977 3226 30
