2275 3550
137 197 182 246 118
420 193 575 242 HORATII
588 193 722 243 FLAOCI

136 275 302 329 Graecorum
318 274 400 341 longe
418 271 608 338 doctissimus3
625 273 691 326 inde
710 274 812 326 Forum
831 274 914 345 Appi,

136 348 282 404 Differtum
300 350 390 402 nautis
408 349 574 418 cauponibus
591 352 675 418 atque
693 348 827 417 malignis.

137 426 198 479 Hoc
214 424 378 493 iterignayi
396 424 544 494 divisimus,
556 425 644 487 ,altius
661 440 759 479 aenos
980 441 995 482 a

137 500 304 579 Praecinctis
321 517 423 566 unum3
440 501 534 554 minus¹
548 505 592 554 cst
608 500 923 569 gravisfflppiatardis

137 576 192 630 Hic
209 593 260 644 ego
277 567 391 644 propier
409 592 515 645 aquarn,
535 576 609 645 quod
627 579 687 629 erat
705 575 863 644 deterrima,
882 577 972 631 ventri

137 650 233 704 Indico
250 651 361 719 bellum,
379 655 524 705 coenantes
542 652 617 704 haud
634 652 724 704 animo
741 668 829 720 aequo

137 725 308 794 Exspectans
325 728 445 781 comites.
481 728 500 780 J
502 744 546 780 am
563 743 619 780 nox
636 727 765 780 inducere
783 728 867 781 terris

137 801 256 856 Umbras
273 807 302 857 et
319 802 394 857 caelo
413 802 567 856 diffundere
586 803 662 870 signa
679 801 811 870 parabat;
968 819 991 857 ro

137 877 205 930 Turn
222 878 301 946 pueri
319 878 416 945 nautia,
434 879 527 945 pueris
545 878 666 932 convicia
682 881 783 932 nautae
832 919 840 930 «,

138 952 275 1021 Ingercre.
310 953 374 1007 Huc
391 953 514 1021 appelle!
552 952 701 1006 Trecentos
719 951 832 1006 inseris:
849 952 901 1006 ohe

136 1027 200 1081 Jam
219 1030 285 1082 satis
303 1033 362 1083 est!
399 1027 473 1081 Dum
491 1044 537 1082 aes
545 1028 683 1095 ⁸exigitur,
702 1027 768 1080 dum
786 1027 861 1097 mula
877 1028 986 1098 ligatur,

136 1103 206 1157 Tota
222 1104 281 1158 abit
298 1105 372 1158 hora.
408 1103 474 1157 Mali
492 1104 590 1157 culices
608 1119 743 1172 ranaeque
760 1103 896 1171 palustres

136 1180 276 1234 Avertunt
294 1197 407 1248 somnos,
425 1178 566 1233 absentem
582 1183 614 1233 ut
631 1182 724 1232 cantat
741 1180 855 1233 amicam
950 1196 988 1247 ¹15

136 1254 226 1310 Multa
242 1255 365 1324 prolutus
383 1273 471 1324 vappa
487 1258 572 1309 nauta
589 1259 673 1324 atque
691 1255 780 1308 viator

137 1330 276 1385 Certatim.
313 1331 433 1385 Tandem
451 1333 539 1385 fessus
556 1330 782 1387 dormire‘viator

137 1405 244 1474 Incipit,
263 1423 293 1460 ac
311 1408 409 1461 missae
426 1411 535 1476 pastum
553 1407 702 1460 retinacula
718 1407 809 1462 mulae

136 1480 162 1533 N
164 1485 228 1535 auta
244 1482 324 1551 piger
341 1500 405 1536 saxo
422 1483 522 1550 religat
539 1484 688 1552 stertitque
706 1484 825 1552 supinus.

135 1557 255 1626 Jamque
273 1558 332 1610 dles
349 1559 452 1623 aderat,
471 1559 509 1611 nil
527 1575 589 1611 cum
608 1558 759 1626 procedere
776 1559 886 1614 lintrem
963 1579 1000 1616 ao.

136 1633 282 1702 Sentimus,
300 1634 386 1687 donec
403 1633 562 1687 cerebrosus
579 1635 687 1703 prosilit
703 1651 775 1688 unus

136 1710 179 1762 Ac
196 1710 285 1763 mulae
303 1713 458 1780 nautaeque
476 1714 558 1780 capnt
575 1709 738 1780 lumbosque
756 1710 860 1780 saligno

136 1784 222 1841 Fuste
240 1787 331 1841 dolat:
349 1791 447 1857 quarta
464 1787 511 1842 vix
529 1788 639 1841 demum
658 1786 818 1856 exponimur
833 1787 905 1842 hora

136 1862 193 1927 Ora
209 1879 358 1933 manusque
376 1867 425 1917 tua
442 1864 565 1931 lavimus,
585 1863 708 1929 Feronia,
726 1862 843 1931 lympha

135 1938 223 1993 Millia
239 1943 299 1993 tum
316 1941 407 2008 pransi
425 1941 479 1994 tria
496 1941 616 2007 repimus
634 1943 717 2007 atque
735 1938 857 1992 subimus
963 1952 987 1993 25

136 2015 299 2084 Impositum
318 2018 390 2069 saxis
407 2017 464 2070 late
483 2016 663 2070 candentibus
682 2015 787 2067 Anxur.

136 2090 199 2144 Huc
216 2095 347 2144 venturus
365 2096 424 2145 erat
442 2092 587 2145 Maecenas
605 2090 724 2159 optimus
742 2094 826 2158 atque

136 2166 269 2231 Cocceius
288 2166 363 2219 missi
380 2167 486 2233 magnis
503 2166 539 2218 de
556 2165 640 2218 rebus
657 2169 775 2233 uterque

135 2239 240 2308 Legati,
258 2256 367 2293 aversos
385 2240 458 2293 soliti
475 2255 637 2307 componere
654 2240 762 2291 amieos.

136 2316 190 2368 Hic
199 2314 291 2367 'oculis
308 2330 359 2381 ego
376 2314 456 2381 nigra
472 2315 542 2366 meis
559 2312 670 2380 collyria
686 2312 777 2380 lippus
959 2328 985 2367 ao

135 2391 253 2444 Illinere.
289 2390 401 2443 Interea
419 2389 563 2442 Maecenas
581 2386 694 2442 advenit
710 2390 794 2455 atque
948 2387 951 2392 ’

135 2466 264 2520 Cocceius
281 2465 432 2533 Capitoque
450 2464 529 2518 simul
548 2463 691 2528 Fonteius„
704 2463 741 2516 ad
756 2478 875 2531 unguem

134 2542 235 2596 Factus
252 2541 340 2608 homo,
360 2541 464 2595 Antoni
482 2557 536 2594 non
554 2544 586 2594 ut
603 2539 692 2607 magis
708 2540 778 2594 alter
794 2540 903 2596 amicus.

134 2617 246 2671 Fundos
264 2616 377 2670 Aufidio
395 2617 482 2671 Lusco
499 2620 625 2685 praetore
642 2616 762 2671 libenter

134 2694 301 2762 Linquimus,
319 2693 406 2747 insani
423 2693 546 2747 ridentes
562 2693 684 2762 praemia
702 2693 814 2761 scribae,
961 2709 985 2750 aa

134 2771 309 2823 Praetextam
327 2773 356 2824 et
373 2770 459 2824 latum
477 2770 584 2823 clavum
600 2785 759 2838 prunaeque
776 2769 907 2825 batillum.

134 2847 168 2899 In
186 2847 387 2900 Mamurrarum
404 2845 468 2900 lassi
486 2847 588 2900 deinde
604 2845 673 2899 urbe
690 2862 837 2914 manemus,

133 2922 249 2977 Murena
265 2922 417 2990 praebente
435 2922 553 2990 domurn,
573 2922 705 2990 Capitone
722 2922 845 2975 culinam.

133 2998 248 3051 Postera
264 2996 312 3050 lux
330 2999 418 3052 oritur
435 2999 521 3052 multo
538 2998 694 3065 gratissima
703 3017 711 3062 3
728 3013 846 3066 namque

133 3071 238 3126 Plotius
255 3077 284 3127 et
302 3072 403 3127 Varius
422 3073 565 3127 Sinuessae
584 3072 771 3140 Virgiliusque
958 3089 983 3126 ro

132 3145 292 3216 Occurrunt,
311 3151 417 3203 animae
435 3148 529 3218 quales
546 3164 636 3216 neque
654 3147 825 3200 candidiores

132 3218 216 3274 Terra
232 3224 298 3278 tulit
315 3242 405 3295 neque
423 3225 484 3294 quis
502 3241 546 3277 me
565 3224 602 3276 sit
619 3222 770 3276 devinctior
786 3222 862 3275 alter.
