2275 3550
426 176 632 260 eremmon
649 209 702 258 111.
716 211 744 259 s.

332 289 450 358 Perjura
465 301 604 358 pugnaces
623 289 744 343 Achivos

365 364 512 419 Hectoreis
530 366 628 433 opibus
645 363 779 430 refringit,

297 439 462 508 Nostrisque
478 440 592 494 ductum
609 437 789 493 seditionibus

297 515 404 569 Bellum
421 515 532 569 resedit.
567 514 697 568 Protinus
715 516 859 581 etgraves
985 526 1009 566 so

332 591 392 644 Iras
410 593 439 643 ct
455 589 573 643 invisum
590 593 717 658 nepotem

345 700 349 705 »
366 664 461 719 Troica
478 680 559 734 quem
576 664 684 733 peperit
702 660 828 716 sacerdos

297 738 382 794 Marti
399 739 551 804 redonabo;
568 738 646 792 illum
663 754 715 806 ego
732 736 836 791 lucidas

298 814 373 870 inire
391 815 479 882 sedes,
496 817 598 868 ducere
616 813 736 868 nectaris

331 889 437 957 Succos,
455 894 484 944 et
501 889 619 943 adscribi
636 888 737 957 quietis

366 965 516 1018 Ordinibus
532 965 623 1032 patiar
639 964 761 1018 deorum.

298 1037 371 1092 Dum
388 1040 483 1108 longus
501 1040 576 1093 inter
592 1039 696 1093 saeviat
713 1038 784 1091 Ilion

298 1113 467 1183 Romamque
484 1118 586 1183 pontus
604 1113 727 1182 qualibet
744 1111 852 1166 exsules

332 1188 367 1242 In
384 1194 463 1256 parte
480 1192 614 1255 regnanto
631 1187 722 1251 beati3

365 1262 439 1316 Dum
450 1263 560 1316 'Priami
578 1261 740 1330 Paridisque
757 1260 839 1313 busto
855 1257 860 1265 '

298 1336 419 1391 Insultot
436 1340 591 1391 armentum
609 1340 639 1390 et
656 1336 759 1390 catulos
776 1335 850 1390 ferae

298 1412 395 1467 Celent
412 1412 515 1466 inultae
534 1415 591 1465 stet
609 1410 772 1480 Capitolium

311 1519 316 1528 =
331 1487 457 1555 Fulgens,
475 1486 710 1556 triumphatisque
724 1484 811 1554 possit

365 1561 452 1616 Roma
469 1559 547 1615 ferox
565 1561 633 1615 dare
646 1561 713 1628 jura
730 1559 825 1614 Medis

296 1634 444 1690 Horrenda
461 1637 517 1690 late
534 1652 635 1690 nomen
651 1636 679 1688 in
697 1635 807 1688 ultimas

297 1711 436 1765 Extendat
454 1727 523 1779 oras,
542 1727 596 1780 qua
612 1710 719 1763 medius
736 1710 827 1779 liquor

329 1787 454 1860 decernit
471 1787 600 1855 Europen
617 1786 653 1839 ab
671 1786 748 1853 Afro,
836 1842 841 1860 ι

365 1861 426 1925 Qua
443 1861 565 1914 tumidus
582 1861 655 1928 rigat
672 1875 737 1912 arva
754 1859 843 1924 Nilus,

296 1934 404 1989 Aurum
421 1934 585 2003 irrepertum
603 1939 633 1987 et
650 1933 689 1986 sic
705 1933 803 1987 melius
820 1933 903 1988 situm

298 2009 368 2063 Cum
385 2012 462 2063 terra
478 2009 550 2062 celat
568 2024 698 2076 spernere
715 2007 812 2061 fortior
982 2022 1006 2061 so

330 2083 418 2147 Quam
436 2100 533 2151 cogere
551 2083 683 2136 humanos
700 2082 729 2137 in
746 2098 812 2135 usus

329 2227 330 2230 Ἰ
365 2158 454 2212 Omne
472 2174 578 2211 sacrum
596 2158 719 2226 rapiente
736 2159 842 2211 dextra

296 2232 455 2302 Quicunque
471 2234 575 2288 mundo
592 2233 724 2287 terminus
742 2232 852 2288 obstitit

297 2308 381 2362 Hunc
397 2312 494 2376 tangat
510 2309 601 2376 armis,
618 2309 707 2361 visere
723 2308 844 2375 gestiens

255 2403 260 2410 ·
330 2383 391 2447 Qua
406 2387 487 2452 parte
505 2382 708 2438 debacchentur
724 2383 824 2450 ignes'
981 2394 1006 2435 ss

364 2458 425 2522 Qua
440 2458 556 2512 nebulae
573 2458 712 2526 pluviique
730 2472 812 2510 rores,

296 2531 353 2587 Sed
368 2532 504 2588 bellicosis
520 2534 579 2587 fata
596 2532 747 2598 Quiritibus

296 2608 358 2662 Hac
374 2608 436 2676 lege
453 2608 521 2677 dico,
538 2626 574 2662 ne
591 2609 705 2662 nimium
721 2606 761 2676 pii

331 2682 480 2753 Rebusque
497 2683 616 2737 fidentes
632 2684 722 2736 avitae

364 2758 448 2813 Tecta
465 2758 551 2812 velint
567 2774 695 2827 reparare
713 2756 817 2812 Troiae.
980 2766 1005 2806 eo

296 2831 393 2887 Troiae
410 2849 554 2887 renascens
572 2833 638 2886 alite
655 2831 764 2899 lugubri

296 2906 419 2962 Fortuna
434 2908 509 2962 tristi
527 2907 606 2962 clade
622 2907 775 2973 iterabitur,

330 2981 457 3037 Ducente
474 2984 601 3037 victrices
618 2987 741 3037 catervas

237 3057 242 3062 ’
365 3057 488 3126 Oonjuge
505 3075 550 3112 me
567 3059 646 3112 Jovis
663 3061 692 3112 et
709 3071 807 3110 sorore.

296 3128 350 3185 'Per
367 3132 391 3184 si
407 3136 534 3200 resurgat
551 3149 645 3185 murus
662 3136 762 3184 aeneus
981 3143 1005 3182 ss

298 3210 422 3260 Auctore
441 3206 551 3263 Phoebo
567 3210 614 3261 ter
629 3208 725 3275 percat
741 3203 811 3256 meis
