2275 3550
408 205 614 255 oannruuu
629 205 684 253 111.
702 205 742 254 as.
969 203 1000 254 67
1080 164 1082 169 ¹

287 285 470 341 Fastidiosern
488 287 586 341 desere
604 285 709 352 copiam
727 287 757 338 et

287 360 390 416 Molem
406 361 587 430 propinquam
603 359 723 413 nubibus
740 360 834 413 arduis
842 380 851 426 ;
913 422 919 429 ,
978 375 1001 415 ro

321 436 427 490 Omitte
443 436 538 490 mirari
554 435 654 489 beatae

355 511 472 564 Firmum
491 513 522 566 et
538 527 604 579 opes
619 510 822 579 strepitumque
841 510 949 568 Romae

287 586 452 656 Plerumque
469 589 567 654 gratae
585 584 717 640 divitibus
734 586 814 653 uices,

286 662 464 731 Mundaeque
481 677 566 730 parvo
584 660 636 715 sub
653 660 710 715 lere
726 676 876 730 pauperum

245 738 247 741 ’
321 738 428 792 Goenee
445 738 503 791 sine
520 737 623 792 amaeis
640 741 670 791 et
686 740 761 791 ostro
980 752 1003 791 rs

355 812 502 867 Sollicitam
520 812 676 880 explicuere
691 811 818 868 frontem.

285 889 351 943 Jam
367 889 456 942 clarus
473 888 610 942 occultum
629 887 824 942 Andromedae
841 892 920 956 pater

286 964 417 1019 Ostendit
433 964 532 1032 ignem,
546 963 607 1033 jam
626 963 747 1031 Procyon
763 963 832 1017 furit

321 1040 359 1094 Et
376 1038 455 1093 stella
471 1040 565 1094 vesani
584 1039 692 1105 Leonis,

355 1115 418 1170 Sole
436 1115 494 1168 dies
511 1116 649 1169 referente
667 1115 768 1170 siccos:

286 1190 351 1244 Jam
368 1193 463 1258 pastor
480 1190 593 1243 umbras
609 1206 671 1243 cum
688 1207 773 1258 grege
789 1190 919 1259 languido

287 1266 442 1334 Rivumque
459 1264 547 1318 fessus
565 1264 674 1334 quaerit
691 1268 721 1319 ct
738 1267 842 1320 horridi

320 1340 443 1395 Dmnetu
460 1339 571 1407 Silvani,
589 1344 719 1409 caretque

356 1415 428 1484 Ripa
445 1415 521 1484 vagis
538 1415 676 1469 taciturna
693 1416 788 1472 uentis.

285 1491 328 1546 ru
344 1491 484 1545 civitatem
501 1491 562 1559 quis
580 1489 677 1545 deceat
695 1495 783 1545 status
824 1520 834 1537 ι

286 1566 380 1633 Curae,
397 1569 427 1620 et
444 1565 516 1620 Urbi
533 1565 664 1620 sollicitus
680 1567 762 1620 times

320 1640 394 1707 Quid
411 1641 491 1696 Seres
508 1643 538 1696 et
554 1645 670 1709 regnata
687 1642 758 1710 Cyro
833 1650 858 1664 '·

335 1768 337 1771 .
355 1717 457 1773 Bactra
473 1721 571 1786 parent
589 1718 742 1787 Tanaisque
760 1718 871 1775 discors

287 1793 412 1849 Prudens
428 1793 515 1847 futuri
532 1795 665 1861 temporis
682 1795 786 1849 exitum

286 1870 441 1936 Caliginosa
457 1871 538 1921 nocte
554 1869 656 1935 premit
674 1868 750 1935 deus,

321 1944 461 2012 Ridetque
478 1943 641 1998 simortalis
654 1943 728 1997 ultra

358 2019 413 2072 Fas
428 2017 558 2086 trepidat.
594 2018 675 2082 Quod
691 2019 772 2073 adest
788 2024 926 2077 memento

288 2095 458 2163 componere
475 2109 594 2162 aequus;
612 2096 706 2147 cetera
722 2093 842 2166 fluminis

287 2170 356 2225 Ritu
371 2170 506 2237 feruntur,
524 2165 596 2223 nunc
613 2168 705 2223 medio
722 2185 841 2238 aequore

322 2246 392 2301 Cum
409 2260 476 2313 pace
494 2242 648 2298 delabentis
666 2245 813 2299 Etruscum

356 2323 391 2376 In
408 2336 491 2389 mare,
507 2336 581 2373 nunc
597 2319 702 2389 lapides
718 2320 817 2374 adesos

286 2397 446 2467 stirpesque
463 2399 557 2465 raptas
574 2400 604 2450 et
621 2412 703 2465 pecus
720 2400 750 2450 et
767 2397 864 2452 domus

287 2474 430 2528 Volventis
447 2488 502 2526 una
519 2488 573 2525 non
592 2472 651 2525 sine
667 2472 802 2527 montium

321 2549 447 2604 Clamore
462 2547 622 2615 uicinaeque
639 2547 731 2615 silvae,

355 2624 425 2678 Cum
442 2623 502 2677 scra
518 2623 636 2676 diluvies
653 2623 761 2691 quietos

287 2698 385 2754 Irritat
401 2714 503 2753 amnes.
539 2697 591 2751 Ille
607 2701 706 2765 potens
724 2698 766 2751 sui

287 2773 443 2843 Luctusque
461 2773 552 2842 deget,
566 2772 610 2826 cui
627 2772 692 2826 licet
708 2772 736 2825 in
754 2773 828 2829 diem

321 2849 431 2903 Dixisse
449 2848 532 2903 Vixi:
549 2864 610 2901 cras
627 2848 670 2901 vel
688 2858 750 2902 atra

355 2924 382 2977 N
383 2923 438 2977 ube
453 2923 548 2992 polum
565 2924 650 2976 Pater
667 2927 800 2991 occupato

288 2996 342 3052 Vel
359 2998 416 3054 sole
432 3014 519 3067 puro:
535 3014 590 3050 non
607 3001 701 3051 tamen
717 2998 827 3052 irritum

288 3073 474 3143 Quodcunque
491 3076 566 3126 retro
584 3076 628 3127 est
645 3073 751 3141 efficiet,
768 3088 857 3142 neque

321 3148 453 3215 Diffinget
468 3147 656 3215 infectumque
672 3148 773 3201 reddet

356 3223 439 3289 Quod
453 3222 562 3289 fugiens
579 3223 662 3277 semel
679 3222 746 3277 hora
761 3221 844 3277 vexit
