2275 3550
477 165 547 212 Aris
562 164 723 212 POETICA.
978 161 1026 211 209

177 237 314 295 (laudibus
331 244 362 297 et
378 240 453 295 rictu
468 241 550 296 foedo
567 240 704 296 deterruit
721 238 876 309 Orpheus·

177 312 274 369 Dictus
291 314 326 368 ob
344 316 396 370 boc
413 315 499 370 lenire
516 317 603 385 tigres
621 316 785 386 rabidosque
803 315 911 380 leones;

176 386 275 443 Dictus
292 394 321 444 et
340 391 485 459 Amphion,
504 391 649 446 Thebanae
666 389 790 445 conditor
810 390 887 456 arcis,

176 463 248 519 Saxa
265 482 375 521 movere
392 483 457 520 sono
475 467 623 522 testudinis
641 471 671 521 et
686 483 768 535 prece
785 465 888 519 blanda
990 480 1025 519 aas

175 538 284 594 Ducere
302 557 356 610 quo
372 542 462 597 vellet.
497 542 562 597 Fuit
579 543 647 596 baec
664 541 798 610 sapientia
814 539 960 610 quondam,
1050 601 1051 604 Ἴ

175 613 289 669 Publica
305 616 419 684 privatis
437 634 588 687 secernere,
606 634 683 672 sacra
699 617 827 686 profanis,

174 688 328 745 Concubitu
344 691 489 760 prohibere
506 709 582 761 vago,
601 693 667 746 dare
679 692 746 761 jura
761 691 886 760 maritis..

174 764 285 835 Oppida
300 767 398 836 moliri,
414 767 489 836 leges
506 769 626 823 incidere
642 768 732 836 ligno;

151 859 155 864 ·
172 839 219 894 Sic
235 841 321 896 honor
337 846 368 898 et
383 859 482 898 nomen
499 844 600 899 divinis
616 843 724 899 vatibus
741 846 826 912 atque
986 850 1021 891 4⁰⁰

173 915 346 972 Carminibus
362 919 444 973 venit.
480 918 548 975 Post
564 919 615 973 hos
631 919 744 987 insignis
762 915 900 972 Homeris

173 990 359 1062 Tyrtaeusque
376 1009 467 1049 mares
483 995 589 1048 animos
604 994 634 1047 in
651 993 753 1048 Martia
769 994 842 1047 bella

172 1065 305 1122 Versibus
322 1070 446 1135 exacuit3
464 1070 555 1125 dictae
572 1086 622 1139 per
640 1070 758 1123 carmina
775 1073 877 1135 sortes;

172 1140 210 1196 Et
226 1142 299 1196 vitae
316 1148 467 1198 monstrata
483 1145 527 1199 via
543 1148 587 1199 est
595 1166 602 1210 ;
619 1148 649 1199 et
664 1145 754 1212 gratia
769 1159 865 1212 regum

172 1208 271 1271 Pieriis
287 1222 396 1273 tentata
412 1220 516 1286 modis;
533 1220 669 1289 ludusque
687 1223 813 1289 repertus
985 1234 1021 1274 425

171 1290 210 1348 Ilt
226 1292 368 1361 longorum
386 1311 499 1364 operum
516 1296 592 1350 linis:
608 1313 643 1350 ne
660 1296 732 1350 forte
748 1294 847 1364 pudori

171 1367 214 1421 Sit
231 1368 282 1422 tibi
300 1369 380 1423 Musa
395 1370 470 1438 lyrae
487 1371 583 1425 sollers
600 1374 630 1425 et
646 1374 741 1426 cantor
758 1372 864 1440 Apelle.

170 1441 279 1498 Natura
295 1444 377 1501 fieret
393 1445 530 1500 laudabile
547 1463 657 1500 carmen
674 1463 709 1500 an
726 1449 787 1500 arte

171 1518 331 1582 Quaesitum
349 1525 405 1576 est:
424 1536 475 1590 ego
491 1538 542 1575 nec
559 1522 681 1575 studium
698 1522 756 1576 sine
773 1522 859 1576 divite
876 1538 946 1576 rena

169 1593 230 1648 Nec
246 1595 316 1649 rude
333 1597 400 1665 quid
417 1598 504 1667 possit
519 1596 601 1651 video
617 1597 773 1665 ingenium
789 1596 903 1652 alterius
920 1595 960 1649 sic
983 1610 1020 1649 410

170 1670 269 1725 Altera
284 1672 373 1740 poscit
389 1689 469 1741 opem
487 1689 532 1727 res
549 1677 579 1727 et
596 1673 722 1742 conjurat
738 1673 831 1728 amice.

170 1744 224 1809 Qui
241 1746 337 1802 studet
354 1751 476 1816 optatam
493 1764 575 1802 cursu
592 1748 750 1816 contingere
767 1752 869 1802 metam

170 1821 261 1875 Multa
278 1823 344 1878 tulit
362 1824 482 1892 fecitque
501 1840 577 1892 puer,
595 1822 705 1878 sudarit
722 1827 753 1878 et
769 1823 838 1889 alsit,
965 1880 970 1888 ,

171 1896 315 1952 Abstinuit
331 1914 431 1953 venere
448 1903 478 1953 et
495 1899 575 1964 uino;
594 1898 641 1966 qui
654 1897 753 1966 Pythia
764 1901 858 1952 cantat

170 1971 282 2026 Tibicen
299 1972 397 2027 didicit
413 1974 490 2042 prius
506 1974 688 2041 extimuitque
705 1974 871 2040 magistrum
986 1987 1020 2027 aa

170 2047 230 2102 Nec
247 2044 314 2102 satis
331 2052 376 2103 est
393 2049 508 2103 dixisse:
526 2050 695 2116 “Egomira
711 2053 838 2118 potmata
854 2066 961 2119 pang03

170 2122 293 2192 Occupet
310 2128 464 2179 extremum
481 2124 600 2189 scabies3
616 2124 682 2178 mihi
693 2120 781 2193 'turpe
798 2124 915 2192 relinqui
933 2126 976 2179 est

169 2198 207 2253 Ilt
224 2199 298 2266 quod
315 2216 370 2253 non
387 2199 471 2253 didici
488 2215 554 2254 sane
571 2200 676 2253 nescire
692 2199 794 2254 fateri.’'

169 2274 211 2329 Ut
226 2291 334 2344 praeco,
351 2276 388 2329 ad
405 2292 510 2330 merces
526 2274 638 2329 turbam
656 2275 704 2344 qui
721 2275 795 2342 cogit
811 2273 949 2343 emendas,

172 2350 364 2406 Assentatores
377 2350 460 2420 jubet
477 2350 514 2405 ad
531 2350 637 2404 lucrum
654 2350 695 2404 ire
712 2355 794 2420 potita
985 2369 1022 2410 lae

170 2423 255 2480 Dives
271 2427 351 2495 agris,
369 2427 445 2481 dives
462 2427 559 2497 positis
576 2427 604 2479 in
621 2426 715 2480 fenore
732 2428 855 2481 nummis

171 2499 200 2553 si
217 2516 281 2555 vero
298 2504 341 2556 est
358 2505 471 2556 unctum
489 2502 537 2570 qui
554 2504 630 2561 recte
647 2517 749 2569 ponere
765 2502 866 2572 possit.

171 2574 208 2629 Et
225 2576 359 2645 spondere
375 2576 429 2632 levi
445 2593 497 2649 pro
513 2593 634 2651 paupere
652 2579 682 2630 et
699 2576 806 2645 eripere
823 2578 891 2632 atria

171 2650 279 2705 Litibus
296 2652 464 2721 implicitum,
482 2652 603 2707 mirabor
618 2651 643 2704 si
660 2651 728 2705 sciet
744 2652 828 2706 inter-

171 2726 198 2779 N
199 2742 292 2780 escere
308 2728 467 2783 mendacem
485 2743 634 2795 verumque
652 2726 749 2781 beatus
766 2727 891 2782 amicum.
988 2742 1022 2781 425

171 2801 213 2853 Tu
229 2817 279 2855 seu
296 2801 405 2856 donaris
424 2818 473 2856 seu
490 2801 557 2868 quid
575 2802 678 2856 donare
695 2801 768 2856 voles
786 2804 838 2869 cui,

171 2875 265 2931 Nolito
281 2876 318 2930 ad
335 2893 429 2931 versus
446 2875 499 2929 tibi
515 2875 601 2930 factos
620 2876 720 2931 ducere
736 2877 846 2946 plenum

171 2951 320 3018 Melitam
336 2953 466 3008 clamabit
481 2953 554 3010 enim
573 2952 703 3009 Pulchre!
722 2951 808 3006 bene!
828 2954 916 3007 recte!

171 3026 306 3082 Pallescet
323 3030 472 3097 superbis,
489 3032 574 3086 etiam
592 3028 709 3082 stillabit
726 3029 818 3082 aulicis

170 3102 214 3156 Ex
231 3104 314 3158 oculis
331 3122 430 3173 rorem,
447 3107 534 3172 saliet,
552 3105 654 3161 tundet
672 3103 743 3174 pede
760 3107 870 3161 terram.
986 3117 1021 3156 leo

171 3176 212 3236 Ut
229 3179 276 3250 qui
292 3182 421 3237 conducti
437 3181 547 3251 plorant
561 3182 592 3236 in
608 3182 703 3236 timere
721 3179 817 3235 dicunt
