<?xml version="1.0" encoding="UTF-8"?>
<!DOCTYPE html PUBLIC "-//W3C//DTD XHTML 1.0 Transitional//EN"
    "http://www.w3.org/TR/xhtml1/DTD/xhtml1-transitional.dtd">
<html xmlns="http://www.w3.org/1999/xhtml" xml:lang="en" lang="en">
 <head>
  <title>
</title>
<meta http-equiv="Content-Type" content="text/html;charset=utf-8" />
  <meta name='ocr-system' content='tesseract 3.04.00' />
  <meta name='ocr-capabilities' content='ocr_page ocr_carea ocr_par ocr_line ocrx_word'/>
</head>
<body>
  <div class='ocr_page' id='page_1' title='image "./quintihoraticfl00maclgoog_0156.png"; bbox 0 0 2275 3550; ppageno 0'>
   <div class='ocr_carea' id='block_1_1' title="bbox 125 198 698 250">
    <p class='ocr_par' dir='ltr' id='par_1_1' title="bbox 125 198 698 250">
     <span class='ocr_line' id='line_1_1' title="bbox 125 198 698 250; baseline -0.005 0"><span class='ocrx_word' id='word_1_1' title='bbox 125 202 172 250; x_wconf 76' lang='grc'>132</span> <span class='ocrx_word' id='word_1_2' title='bbox 393 198 548 248; x_wconf 81' lang='lat' dir='ltr'><strong>HORATII</strong></span> <span class='ocrx_word' id='word_1_3' title='bbox 565 198 698 248; x_wconf 76' lang='lat' dir='ltr'>FLACCI</span> 
     </span>
    </p>
   </div>
   <div class='ocr_carea' id='block_1_2' title="bbox 105 274 982 2768">
    <p class='ocr_par' dir='ltr' id='par_1_2' title="bbox 122 274 970 501">
     <span class='ocr_line' id='line_1_2' title="bbox 123 274 966 349; baseline -0.004 -12"><span class='ocrx_word' id='word_1_4' title='bbox 123 281 264 336; x_wconf 78' lang='lat' dir='ltr'>Credebat</span> <span class='ocrx_word' id='word_1_5' title='bbox 281 280 366 348; x_wconf 87' lang='lat' dir='ltr'>libris,</span> <span class='ocrx_word' id='word_1_6' title='bbox 385 296 475 349; x_wconf 89' lang='lat' dir='ltr'>neque</span> <span class='ocrx_word' id='word_1_7' title='bbox 494 280 517 333; x_wconf 87' lang='lat' dir='ltr'>si</span> <span class='ocrx_word' id='word_1_8' title='bbox 534 279 609 332; x_wconf 88' lang='lat' dir='ltr'>male</span> <span class='ocrx_word' id='word_1_9' title='bbox 626 282 747 333; x_wconf 81' lang='lat' dir='ltr'><strong>cesserat</strong></span> <span class='ocrx_word' id='word_1_10' title='bbox 763 296 885 349; x_wconf 85' lang='lat' dir='ltr'>unquam</span> <span class='ocrx_word' id='word_1_11' title='bbox 963 274 966 279; x_wconf 55' lang='lat'><strong><em>‘</em></strong></span> 
     </span>
     <span class='ocr_line' id='line_1_3' title="bbox 122 348 970 423; baseline -0.002 -12"><span class='ocrx_word' id='word_1_12' title='bbox 122 356 278 411; x_wconf 89' lang='lat' dir='ltr'>Decurrens</span> <span class='ocrx_word' id='word_1_13' title='bbox 295 348 356 423; x_wconf 83' lang='lat' dir='ltr'>elio,</span> <span class='ocrx_word' id='word_1_14' title='bbox 373 372 464 423; x_wconf 88' lang='lat' dir='ltr'>neque</span> <span class='ocrx_word' id='word_1_15' title='bbox 482 355 505 408; x_wconf 90' lang='lat' dir='ltr'>si</span> <span class='ocrx_word' id='word_1_16' title='bbox 522 354 609 419; x_wconf 89' lang='lat' dir='ltr'>bene;</span> <span class='ocrx_word' id='word_1_17' title='bbox 627 371 681 423; x_wconf 91' lang='lat' dir='ltr'>quo</span> <span class='ocrx_word' id='word_1_18' title='bbox 699 355 732 408; x_wconf 89' lang='lat' dir='ltr'>fit</span> <span class='ocrx_word' id='word_1_19' title='bbox 749 359 783 409; x_wconf 90' lang='lat' dir='ltr'>ut</span> <span class='ocrx_word' id='word_1_20' title='bbox 800 356 889 409; x_wconf 88' lang='lat' dir='ltr'>onmis</span> <span class='ocrx_word' id='word_1_21' title='bbox 964 372 970 383; x_wconf 91' lang='lat'>·</span> 
     </span>
     <span class='ocr_line' id='line_1_4' title="bbox 123 430 716 501; baseline -0.005 -15"><span class='ocrx_word' id='word_1_22' title='bbox 123 431 224 487; x_wconf 84' lang='lat' dir='ltr'>Votive</span> <span class='ocrx_word' id='word_1_23' title='bbox 240 435 336 501; x_wconf 83' lang='lat' dir='ltr'>pateat</span> <span class='ocrx_word' id='word_1_24' title='bbox 354 432 438 485; x_wconf 90' lang='lat' dir='ltr'>veluti</span> <span class='ocrx_word' id='word_1_25' title='bbox 457 431 596 498; x_wconf 82' lang='lat' dir='ltr'>descripta</span> <span class='ocrx_word' id='word_1_26' title='bbox 613 430 716 484; x_wconf 88' lang='lat' dir='ltr'>tabella</span> 
     </span>
    </p>

    <p class='ocr_par' dir='ltr' id='par_1_3' title="bbox 122 506 982 803">
     <span class='ocr_line' id='line_1_5' title="bbox 123 506 982 579; baseline 0.003 -18"><span class='ocrx_word' id='word_1_27' title='bbox 123 508 190 562; x_wconf 88' lang='lat' dir='ltr'>Vita</span> <span class='ocrx_word' id='word_1_28' title='bbox 207 507 287 561; x_wconf 87' lang='lat' dir='ltr'>senis.</span> <span class='ocrx_word' id='word_1_29' title='bbox 322 508 428 576; x_wconf 81' lang='lat' dir='ltr'>Sequor</span> <span class='ocrx_word' id='word_1_30' title='bbox 445 507 524 573; x_wconf 89' lang='lat' dir='ltr'>hunc,</span> <span class='ocrx_word' id='word_1_31' title='bbox 538 507 664 560; x_wconf 86' lang='lat' dir='ltr'>Lucanus</span> <span class='ocrx_word' id='word_1_32' title='bbox 682 523 717 559; x_wconf 87' lang='lat' dir='ltr'>an</span> <span class='ocrx_word' id='word_1_33' title='bbox 735 506 845 575; x_wconf 87' lang='lat' dir='ltr'><strong>Apulus</strong></span> <span class='ocrx_word' id='word_1_34' title='bbox 862 524 982 579; x_wconf 84' lang='lat' dir='ltr'>anceps:</span> 
     </span>
     <span class='ocr_line' id='line_1_6' title="bbox 122 581 981 653; baseline 0 -17"><span class='ocrx_word' id='word_1_35' title='bbox 122 583 149 636; x_wconf 85' lang='lat' dir='ltr'><strong>N</strong></span> <span class='ocrx_word' id='word_1_36' title='bbox 150 600 195 637; x_wconf 92' lang='lat' dir='ltr'>am</span> <span class='ocrx_word' id='word_1_37' title='bbox 213 583 370 638; x_wconf 86' lang='lat' dir='ltr'>Venusinus</span> <span class='ocrx_word' id='word_1_38' title='bbox 387 586 449 636; x_wconf 86' lang='lat' dir='ltr'>arat</span> <span class='ocrx_word' id='word_1_39' title='bbox 465 582 550 636; x_wconf 90' lang='lat' dir='ltr'>finem</span> <span class='ocrx_word' id='word_1_40' title='bbox 568 581 620 634; x_wconf 89' lang='lat' dir='ltr'>sub</span> <span class='ocrx_word' id='word_1_41' title='bbox 637 585 786 650; x_wconf 88' lang='lat' dir='ltr'>utrumque</span> <span class='ocrx_word' id='word_1_42' title='bbox 803 582 922 653; x_wconf 85' lang='lat' dir='ltr'>colonus,</span> <span class='ocrx_word' id='word_1_43' title='bbox 954 605 981 644; x_wconf 82' lang='lat'>35</span> 
     </span>
     <span class='ocr_line' id='line_1_7' title="bbox 122 658 903 727; baseline 0.001 -16"><span class='ocrx_word' id='word_1_44' title='bbox 122 659 224 712; x_wconf 88' lang='lat' dir='ltr'>Missus</span> <span class='ocrx_word' id='word_1_45' title='bbox 242 659 278 712; x_wconf 90' lang='lat' dir='ltr'>ad</span> <span class='ocrx_word' id='word_1_46' title='bbox 295 659 346 712; x_wconf 90' lang='lat' dir='ltr'>hoc</span> <span class='ocrx_word' id='word_1_47' title='bbox 363 658 455 726; x_wconf 88' lang='lat' dir='ltr'>pulsis,</span> <span class='ocrx_word' id='word_1_48' title='bbox 473 660 552 712; x_wconf 91' lang='lat' dir='ltr'>vetus</span> <span class='ocrx_word' id='word_1_49' title='bbox 570 660 613 711; x_wconf 88' lang='lat' dir='ltr'>est</span> <span class='ocrx_word' id='word_1_50' title='bbox 630 661 663 711; x_wconf 90' lang='lat' dir='ltr'>ut</span> <span class='ocrx_word' id='word_1_51' title='bbox 680 658 760 726; x_wconf 84' lang='lat' dir='ltr'>fama,</span> <span class='ocrx_word' id='word_1_52' title='bbox 780 658 903 727; x_wconf 80' lang='lat' dir='ltr'>Sabellis,</span> 
     </span>
     <span class='ocr_line' id='line_1_8' title="bbox 123 733 860 803; baseline 0 -16"><span class='ocrx_word' id='word_1_53' title='bbox 123 734 183 798; x_wconf 79' lang='lat' dir='ltr'>Quo</span> <span class='ocrx_word' id='word_1_54' title='bbox 199 751 235 788; x_wconf 88' lang='lat' dir='ltr'>ne</span> <span class='ocrx_word' id='word_1_55' title='bbox 252 751 302 803; x_wconf 89' lang='lat' dir='ltr'>per</span> <span class='ocrx_word' id='word_1_56' title='bbox 319 749 433 788; x_wconf 89' lang='lat' dir='ltr'>vacuum</span> <span class='ocrx_word' id='word_1_57' title='bbox 452 733 576 787; x_wconf 88' lang='lat' dir='ltr'>Romano</span> <span class='ocrx_word' id='word_1_58' title='bbox 593 733 748 788; x_wconf 75' lang='lat' dir='ltr'>incurreret</span> <span class='ocrx_word' id='word_1_59' title='bbox 764 733 860 802; x_wconf 85' lang='lat' dir='ltr'>bostis,</span> 
     </span>
    </p>

    <p class='ocr_par' dir='ltr' id='par_1_4' title="bbox 121 808 980 1105">
     <span class='ocr_line' id='line_1_9' title="bbox 123 808 889 878; baseline 0 -15"><span class='ocrx_word' id='word_1_60' title='bbox 123 809 186 863; x_wconf 79' lang='lat' dir='ltr'>liive</span> <span class='ocrx_word' id='word_1_61' title='bbox 204 809 279 878; x_wconf 90' lang='lat' dir='ltr'>quod</span> <span class='ocrx_word' id='word_1_62' title='bbox 299 810 389 878; x_wconf 86' lang='lat' dir='ltr'>Apula</span> <span class='ocrx_word' id='word_1_63' title='bbox 405 825 472 877; x_wconf 84' lang='lat' dir='ltr'>gens</span> <span class='ocrx_word' id='word_1_64' title='bbox 490 825 539 862; x_wconf 89' lang='lat' dir='ltr'>seu</span> <span class='ocrx_word' id='word_1_65' title='bbox 557 808 632 877; x_wconf 89' lang='lat' dir='ltr'>quod</span> <span class='ocrx_word' id='word_1_66' title='bbox 649 808 770 862; x_wconf 87' lang='lat' dir='ltr'>Lucania</span> <span class='ocrx_word' id='word_1_67' title='bbox 787 809 889 863; x_wconf 90' lang='lat' dir='ltr'>bellum</span> 
     </span>
     <span class='ocr_line' id='line_1_10' title="bbox 123 884 939 953; baseline 0.001 -15"><span class='ocrx_word' id='word_1_68' title='bbox 123 885 266 939; x_wconf 87' lang='lat' dir='ltr'>Incuteret</span> <span class='ocrx_word' id='word_1_69' title='bbox 284 886 409 939; x_wconf 87' lang='lat' dir='ltr'>violenta.</span> <span class='ocrx_word' id='word_1_70' title='bbox 445 885 562 953; x_wconf 73' lang='lat' dir='ltr'>sedhic</span> <span class='ocrx_word' id='word_1_71' title='bbox 581 884 660 938; x_wconf 88' lang='lat' dir='ltr'>stilus</span> <span class='ocrx_word' id='word_1_72' title='bbox 678 885 752 938; x_wconf 90' lang='lat' dir='ltr'>haud</span> <span class='ocrx_word' id='word_1_73' title='bbox 769 889 849 953; x_wconf 88' lang='lat' dir='ltr'>petet</span> <span class='ocrx_word' id='word_1_74' title='bbox 866 886 939 939; x_wconf 87' lang='lat' dir='ltr'>ultro</span> 
     </span>
     <span class='ocr_line' id='line_1_11' title="bbox 123 960 980 1030; baseline 0.002 -17"><span class='ocrx_word' id='word_1_75' title='bbox 123 961 294 1030; x_wconf 83' lang='lat' dir='ltr'><strong>Quemquam</strong></span> <span class='ocrx_word' id='word_1_76' title='bbox 311 962 478 1014; x_wconf 77' lang='lat' dir='ltr'>animantem</span> <span class='ocrx_word' id='word_1_77' title='bbox 496 964 526 1014; x_wconf 87' lang='lat' dir='ltr'>et</span> <span class='ocrx_word' id='word_1_78' title='bbox 543 977 588 1013; x_wconf 90' lang='lat' dir='ltr'>me</span> <span class='ocrx_word' id='word_1_79' title='bbox 606 960 690 1013; x_wconf 90' lang='lat' dir='ltr'>veluti</span> <span class='ocrx_word' id='word_1_80' title='bbox 708 961 846 1015; x_wconf 77' lang='lat' dir='ltr'>custodiet</span> <span class='ocrx_word' id='word_1_81' title='bbox 863 961 937 1016; x_wconf 90' lang='lat' dir='ltr'>ensis</span> <span class='ocrx_word' id='word_1_82' title='bbox 954 978 980 1015; x_wconf 79' lang='lat' dir='ltr'>so</span> 
     </span>
     <span class='ocr_line' id='line_1_12' title="bbox 121 1036 809 1105; baseline 0.003 -17"><span class='ocrx_word' id='word_1_83' title='bbox 121 1036 231 1104; x_wconf 81' lang='lat' dir='ltr'>Vagina</span> <span class='ocrx_word' id='word_1_84' title='bbox 248 1040 355 1102; x_wconf 82' lang='lat' dir='ltr'>tectus3</span> <span class='ocrx_word' id='word_1_85' title='bbox 373 1052 455 1105; x_wconf 89' lang='lat' dir='ltr'>quem</span> <span class='ocrx_word' id='word_1_86' title='bbox 473 1053 522 1090; x_wconf 90' lang='lat' dir='ltr'>cur</span> <span class='ocrx_word' id='word_1_87' title='bbox 540 1036 708 1103; x_wconf 81' lang='lat' dir='ltr'>distringere</span> <span class='ocrx_word' id='word_1_88' title='bbox 726 1052 809 1090; x_wconf 91' lang='lat' dir='ltr'>coner</span> 
     </span>
    </p>

    <p class='ocr_par' dir='ltr' id='par_1_5' title="bbox 122 1110 851 1181">
     <span class='ocr_line' id='line_1_13' title="bbox 122 1110 851 1181; baseline 0.001 -16"><span class='ocrx_word' id='word_1_89' title='bbox 122 1111 209 1166; x_wconf 78' lang='lat' dir='ltr'>Tutus</span> <span class='ocrx_word' id='word_1_90' title='bbox 226 1110 261 1166; x_wconf 92' lang='lat' dir='ltr'>ab</span> <span class='ocrx_word' id='word_1_91' title='bbox 279 1113 387 1167; x_wconf 87' lang='lat' dir='ltr'>infestis</span> <span class='ocrx_word' id='word_1_92' title='bbox 404 1112 556 1166; x_wconf 86' lang='lat' dir='ltr'>latronibus</span> <span class='ocrx_word' id='word_1_93' title='bbox 567 1115 581 1181; x_wconf 52' lang='lat' dir='ltr'>l,</span> <span class='ocrx_word' id='word_1_94' title='bbox 614 1111 638 1164; x_wconf 94' lang='grc' dir='ltr'>Ο</span> <span class='ocrx_word' id='word_1_95' title='bbox 656 1115 736 1180; x_wconf 86' lang='lat' dir='ltr'>pater</span> <span class='ocrx_word' id='word_1_96' title='bbox 754 1115 784 1166; x_wconf 91' lang='lat' dir='ltr'>et</span> <span class='ocrx_word' id='word_1_97' title='bbox 801 1129 851 1167; x_wconf 83' lang='lat' dir='ltr'>rex</span> 
     </span>
    </p>

    <p class='ocr_par' dir='ltr' id='par_1_6' title="bbox 122 1185 816 1258">
     <span class='ocr_line' id='line_1_14' title="bbox 122 1185 816 1258; baseline 0.001 -18"><span class='ocrx_word' id='word_1_98' title='bbox 122 1187 141 1240; x_wconf 89' lang='lat' dir='ltr'><strong>J</strong></span> <span class='ocrx_word' id='word_1_99' title='bbox 143 1189 259 1258; x_wconf 90' lang='lat' dir='ltr'>uppiter,</span> <span class='ocrx_word' id='word_1_100' title='bbox 277 1193 309 1242; x_wconf 89' lang='lat' dir='ltr'>ut</span> <span class='ocrx_word' id='word_1_101' title='bbox 326 1192 422 1257; x_wconf 88' lang='lat' dir='ltr'>pereat</span> <span class='ocrx_word' id='word_1_102' title='bbox 439 1188 559 1256; x_wconf 87' lang='lat' dir='ltr'>positum</span> <span class='ocrx_word' id='word_1_103' title='bbox 577 1185 704 1255; x_wconf 82' lang='lat' dir='ltr'>rubigine</span> <span class='ocrx_word' id='word_1_104' title='bbox 721 1188 816 1257; x_wconf 83' lang='lat' dir='ltr'>telum,</span> 
     </span>
    </p>

    <p class='ocr_par' dir='ltr' id='par_1_7' title="bbox 121 1262 908 1334">
     <span class='ocr_line' id='line_1_15' title="bbox 121 1262 908 1334; baseline 0.005 -18"><span class='ocrx_word' id='word_1_105' title='bbox 121 1262 181 1318; x_wconf 89' lang='lat' dir='ltr'>Nec</span> <span class='ocrx_word' id='word_1_106' title='bbox 199 1265 343 1334; x_wconf 88' lang='lat' dir='ltr'>quisquam</span> <span class='ocrx_word' id='word_1_107' title='bbox 360 1267 457 1318; x_wconf 88' lang='lat' dir='ltr'>noceat</span> <span class='ocrx_word' id='word_1_108' title='bbox 473 1263 573 1333; x_wconf 89' lang='lat' dir='ltr'>cupido</span> <span class='ocrx_word' id='word_1_109' title='bbox 590 1263 658 1315; x_wconf 88' lang='lat' dir='ltr'>mihi</span> <span class='ocrx_word' id='word_1_110' title='bbox 675 1263 766 1331; x_wconf 87' lang='lat' dir='ltr'>pacis!</span> <span class='ocrx_word' id='word_1_111' title='bbox 804 1266 845 1317; x_wconf 89' lang='lat' dir='ltr'>At</span> <span class='ocrx_word' id='word_1_112' title='bbox 861 1263 908 1320; x_wconf 85' lang='lat' dir='ltr'>illc</span> 
     </span>
    </p>

    <p class='ocr_par' dir='ltr' id='par_1_8' title="bbox 122 1338 976 1483">
     <span class='ocr_line' id='line_1_16' title="bbox 123 1338 976 1407; baseline 0 -15"><span class='ocrx_word' id='word_1_113' title='bbox 123 1339 176 1404; x_wconf 83' lang='lat' dir='ltr'>Qui</span> <span class='ocrx_word' id='word_1_114' title='bbox 193 1357 237 1394; x_wconf 92' lang='lat' dir='ltr'>me</span> <span class='ocrx_word' id='word_1_115' title='bbox 255 1340 537 1407; x_wconf 78' lang='lat' dir='ltr'>commorit—melius</span> <span class='ocrx_word' id='word_1_116' title='bbox 554 1355 608 1392; x_wconf 91' lang='lat' dir='ltr'>non</span> <span class='ocrx_word' id='word_1_117' title='bbox 626 1342 756 1406; x_wconf 77' lang='lat' dir='ltr'>tangere!</span> <span class='ocrx_word' id='word_1_118' title='bbox 776 1338 877 1405; x_wconf 86' lang='lat' dir='ltr'>clemo;</span> <span class='ocrx_word' id='word_1_119' title='bbox 951 1364 976 1402; x_wconf 74' lang='lat'>45</span> 
     </span>
     <span class='ocr_line' id='line_1_17' title="bbox 122 1413 735 1483; baseline 0.002 -16"><span class='ocrx_word' id='word_1_120' title='bbox 122 1414 215 1469; x_wconf 80' lang='lat' dir='ltr'>Flebit</span> <span class='ocrx_word' id='word_1_121' title='bbox 233 1420 262 1470; x_wconf 89' lang='lat' dir='ltr'>et</span> <span class='ocrx_word' id='word_1_122' title='bbox 278 1416 392 1483; x_wconf 84' lang='lat' dir='ltr'>insignis</span> <span class='ocrx_word' id='word_1_123' title='bbox 409 1419 469 1469; x_wconf 88' lang='lat' dir='ltr'>tota</span> <span class='ocrx_word' id='word_1_124' title='bbox 486 1414 641 1468; x_wconf 90' lang='lat' dir='ltr'>cantabitur</span> <span class='ocrx_word' id='word_1_125' title='bbox 658 1413 735 1468; x_wconf 89' lang='lat' dir='ltr'>urbe.</span> 
     </span>
    </p>

    <p class='ocr_par' dir='ltr' id='par_1_9' title="bbox 105 1490 821 1635">
     <span class='ocr_line' id='line_1_18' title="bbox 123 1490 761 1558; baseline -0.003 -14"><span class='ocrx_word' id='word_1_126' title='bbox 123 1490 236 1544; x_wconf 79' lang='lat' dir='ltr'>Cervius</span> <span class='ocrx_word' id='word_1_127' title='bbox 253 1491 339 1544; x_wconf 81' lang='lat' dir='ltr'>iratus</span> <span class='ocrx_word' id='word_1_128' title='bbox 356 1491 431 1558; x_wconf 80' lang='lat' dir='ltr'>leges</span> <span class='ocrx_word' id='word_1_129' title='bbox 449 1490 593 1544; x_wconf 87' lang='lat' dir='ltr'>minitatur</span> <span class='ocrx_word' id='word_1_130' title='bbox 609 1493 639 1543; x_wconf 90' lang='lat' dir='ltr'>et</span> <span class='ocrx_word' id='word_1_131' title='bbox 656 1506 761 1558; x_wconf 86' lang='lat' dir='ltr'>urnam,</span> 
     </span>
     <span class='ocr_line' id='line_1_19' title="bbox 105 1565 821 1635; baseline 0 -16"><span class='ocrx_word' id='word_1_132' title='bbox 105 1566 238 1619; x_wconf 80' lang='lat' dir='ltr'>&#39;Canidia</span> <span class='ocrx_word' id='word_1_133' title='bbox 256 1566 354 1619; x_wconf 90' lang='lat' dir='ltr'>Albuti</span> <span class='ocrx_word' id='word_1_134' title='bbox 373 1565 472 1634; x_wconf 89' lang='lat' dir='ltr'>quibus</span> <span class='ocrx_word' id='word_1_135' title='bbox 490 1569 533 1620; x_wconf 92' lang='lat' dir='ltr'>est</span> <span class='ocrx_word' id='word_1_136' title='bbox 550 1566 661 1620; x_wconf 82' lang='lat' dir='ltr'>inimice</span> <span class='ocrx_word' id='word_1_137' title='bbox 679 1582 821 1635; x_wconf 88' lang='lat' dir='ltr'>venenum,</span> 
     </span>
    </p>

    <p class='ocr_par' dir='ltr' id='par_1_10' title="bbox 123 1640 881 1710">
     <span class='ocr_line' id='line_1_20' title="bbox 123 1640 881 1710; baseline 0.003 -15"><span class='ocrx_word' id='word_1_138' title='bbox 123 1641 233 1695; x_wconf 84' lang='lat' dir='ltr'>Grande</span> <span class='ocrx_word' id='word_1_139' title='bbox 250 1642 353 1694; x_wconf 86' lang='lat' dir='ltr'>malum</span> <span class='ocrx_word' id='word_1_140' title='bbox 371 1641 476 1709; x_wconf 82' lang='lat' dir='ltr'>Turius,</span> <span class='ocrx_word' id='word_1_141' title='bbox 496 1642 519 1694; x_wconf 87' lang='lat' dir='ltr'>si</span> <span class='ocrx_word' id='word_1_142' title='bbox 537 1641 605 1710; x_wconf 90' lang='lat' dir='ltr'>quid</span> <span class='ocrx_word' id='word_1_143' title='bbox 623 1658 653 1695; x_wconf 88' lang='lat' dir='ltr'>se</span> <span class='ocrx_word' id='word_1_144' title='bbox 667 1640 762 1709; x_wconf 88' lang='lat' dir='ltr'>judice</span> <span class='ocrx_word' id='word_1_145' title='bbox 780 1645 881 1697; x_wconf 86' lang='lat' dir='ltr'>certes.</span> 
     </span>
    </p>

    <p class='ocr_par' dir='ltr' id='par_1_11' title="bbox 122 1716 978 2092">
     <span class='ocr_line' id='line_1_21' title="bbox 122 1716 978 1788; baseline 0.007 -18"><span class='ocrx_word' id='word_1_146' title='bbox 122 1716 163 1771; x_wconf 93' lang='lat' dir='ltr'>Ut</span> <span class='ocrx_word' id='word_1_147' title='bbox 180 1734 234 1787; x_wconf 90' lang='lat' dir='ltr'>quo</span> <span class='ocrx_word' id='word_1_148' title='bbox 252 1718 367 1787; x_wconf 90' lang='lat' dir='ltr'>quisque</span> <span class='ocrx_word' id='word_1_149' title='bbox 384 1717 457 1771; x_wconf 85' lang='lat' dir='ltr'>valet</span> <span class='ocrx_word' id='word_1_150' title='bbox 475 1722 615 1787; x_wconf 87' lang='lat' dir='ltr'>suspectos</span> <span class='ocrx_word' id='word_1_151' title='bbox 633 1720 746 1786; x_wconf 80' lang='lat' dir='ltr'>terreat,</span> <span class='ocrx_word' id='word_1_152' title='bbox 763 1722 850 1788; x_wconf 90' lang='lat' dir='ltr'>utque</span> <span class='ocrx_word' id='word_1_153' title='bbox 954 1735 978 1776; x_wconf 75' lang='lat' dir='ltr'>m</span> 
     </span>
     <span class='ocr_line' id='line_1_22' title="bbox 123 1794 868 1863; baseline 0.004 -16"><span class='ocrx_word' id='word_1_154' title='bbox 123 1794 246 1863; x_wconf 89' lang='lat' dir='ltr'>Imperet</span> <span class='ocrx_word' id='word_1_155' title='bbox 263 1795 314 1848; x_wconf 91' lang='lat' dir='ltr'>hoe</span> <span class='ocrx_word' id='word_1_156' title='bbox 331 1797 430 1848; x_wconf 85' lang='lat' dir='ltr'>natura</span> <span class='ocrx_word' id='word_1_157' title='bbox 447 1798 553 1863; x_wconf 88' lang='lat' dir='ltr'>potens,</span> <span class='ocrx_word' id='word_1_158' title='bbox 572 1795 611 1848; x_wconf 90' lang='lat' dir='ltr'>sic</span> <span class='ocrx_word' id='word_1_159' title='bbox 629 1795 726 1862; x_wconf 84' lang='lat' dir='ltr'>collige</span> <span class='ocrx_word' id='word_1_160' title='bbox 745 1808 868 1850; x_wconf 88' lang='lat' dir='ltr'>mecum:</span> 
     </span>
     <span class='ocr_line' id='line_1_23' title="bbox 123 1869 895 1940; baseline 0.004 -18"><span class='ocrx_word' id='word_1_161' title='bbox 123 1869 215 1925; x_wconf 90' lang='lat' dir='ltr'>Dente</span> <span class='ocrx_word' id='word_1_162' title='bbox 231 1871 319 1940; x_wconf 85' lang='lat' dir='ltr'>lupus,</span> <span class='ocrx_word' id='word_1_163' title='bbox 338 1887 422 1925; x_wconf 87' lang='lat' dir='ltr'>cornu</span> <span class='ocrx_word' id='word_1_164' title='bbox 439 1874 536 1924; x_wconf 88' lang='lat' dir='ltr'>taurus</span> <span class='ocrx_word' id='word_1_165' title='bbox 552 1871 640 1939; x_wconf 87' lang='lat' dir='ltr'>petit:</span> <span class='ocrx_word' id='word_1_166' title='bbox 658 1870 732 1923; x_wconf 87' lang='lat' dir='ltr'>unde</span> <span class='ocrx_word' id='word_1_167' title='bbox 749 1870 802 1923; x_wconf 90' lang='lat' dir='ltr'>nisi</span> <span class='ocrx_word' id='word_1_168' title='bbox 819 1872 895 1925; x_wconf 86' lang='lat' dir='ltr'>intus</span> 
     </span>
     <span class='ocr_line' id='line_1_24' title="bbox 123 1945 834 2015; baseline 0 -16"><span class='ocrx_word' id='word_1_169' title='bbox 123 1945 327 2001; x_wconf 84' lang='lat' dir='ltr'>Monstratuml</span> <span class='ocrx_word' id='word_1_170' title='bbox 364 1947 482 2001; x_wconf 81' lang='lat' dir='ltr'>Scaevae</span> <span class='ocrx_word' id='word_1_171' title='bbox 500 1948 622 2000; x_wconf 83' lang='lat' dir='ltr'>vivacem</span> <span class='ocrx_word' id='word_1_172' title='bbox 639 1945 722 1999; x_wconf 90' lang='lat' dir='ltr'>crede</span> <span class='ocrx_word' id='word_1_173' title='bbox 739 1947 834 2015; x_wconf 86' lang='lat' dir='ltr'>nepoti</span> 
     </span>
     <span class='ocr_line' id='line_1_25' title="bbox 123 2021 884 2092; baseline 0 -17"><span class='ocrx_word' id='word_1_174' title='bbox 123 2021 259 2088; x_wconf 83' lang='lat' dir='ltr'>Matrem3</span> <span class='ocrx_word' id='word_1_175' title='bbox 275 2023 314 2075; x_wconf 88' lang='lat' dir='ltr'>nil</span> <span class='ocrx_word' id='word_1_176' title='bbox 331 2022 413 2077; x_wconf 89' lang='lat' dir='ltr'>faciet</span> <span class='ocrx_word' id='word_1_177' title='bbox 431 2022 542 2077; x_wconf 89' lang='lat' dir='ltr'>sceleris</span> <span class='ocrx_word' id='word_1_178' title='bbox 560 2023 608 2092; x_wconf 87' lang='lat' dir='ltr'>pia</span> <span class='ocrx_word' id='word_1_179' title='bbox 625 2023 757 2076; x_wconf 82' lang='lat' dir='ltr'>dextera:</span> <span class='ocrx_word' id='word_1_180' title='bbox 774 2023 884 2089; x_wconf 84' lang='lat' dir='ltr'>mirum,</span> 
     </span>
    </p>

    <p class='ocr_par' dir='ltr' id='par_1_12' title="bbox 122 2097 978 2226">
     <span class='ocr_line' id='line_1_26' title="bbox 122 2097 978 2166; baseline 0.004 -15"><span class='ocrx_word' id='word_1_181' title='bbox 122 2097 163 2152; x_wconf 88' lang='lat' dir='ltr'>Ut</span> <span class='ocrx_word' id='word_1_182' title='bbox 170 2115 260 2166; x_wconf 89' lang='lat' dir='ltr'>neque</span> <span class='ocrx_word' id='word_1_183' title='bbox 269 2098 341 2151; x_wconf 86' lang='lat' dir='ltr'>calce</span> <span class='ocrx_word' id='word_1_184' title='bbox 348 2098 428 2164; x_wconf 88' lang='lat' dir='ltr'>lupus</span> <span class='ocrx_word' id='word_1_185' title='bbox 437 2115 602 2166; x_wconf 86' lang='lat' dir='ltr'>quemquam</span> <span class='ocrx_word' id='word_1_186' title='bbox 612 2114 700 2165; x_wconf 90' lang='lat' dir='ltr'>neque</span> <span class='ocrx_word' id='word_1_187' title='bbox 707 2097 872 2165; x_wconf 88' lang='lat' dir='ltr'>dentepetit</span> <span class='ocrx_word' id='word_1_188' title='bbox 880 2097 978 2163; x_wconf 57' lang='lat' dir='ltr'>bemus</span> 
     </span>
     <span class='ocr_line' id='line_1_27' title="bbox 122 2172 792 2226; baseline 0 -1"><span class='ocrx_word' id='word_1_189' title='bbox 122 2172 178 2226; x_wconf 83' lang='lat' dir='ltr'>Sed</span> <span class='ocrx_word' id='word_1_190' title='bbox 195 2173 267 2226; x_wconf 88' lang='lat' dir='ltr'>mala</span> <span class='ocrx_word' id='word_1_191' title='bbox 283 2172 363 2225; x_wconf 90' lang='lat' dir='ltr'>tollet</span> <span class='ocrx_word' id='word_1_192' title='bbox 381 2189 462 2225; x_wconf 86' lang='lat' dir='ltr'>anum</span> <span class='ocrx_word' id='word_1_193' title='bbox 480 2173 578 2226; x_wconf 88' lang='lat' dir='ltr'>vitiato</span> <span class='ocrx_word' id='word_1_194' title='bbox 595 2172 677 2224; x_wconf 87' lang='lat' dir='ltr'>melle</span> <span class='ocrx_word' id='word_1_195' title='bbox 695 2172 792 2225; x_wconf 83' lang='lat' dir='ltr'>cicuta</span> 
     </span>
    </p>

    <p class='ocr_par' dir='ltr' id='par_1_13' title="bbox 122 2246 863 2389">
     <span class='ocr_line' id='line_1_28' title="bbox 122 2246 863 2313; baseline -0.003 -12"><span class='ocrx_word' id='word_1_196' title='bbox 122 2247 148 2301; x_wconf 91' lang='lat' dir='ltr'>N</span> <span class='ocrx_word' id='word_1_197' title='bbox 150 2264 166 2300; x_wconf 91' lang='lat' dir='ltr'>e</span> <span class='ocrx_word' id='word_1_198' title='bbox 181 2246 295 2313; x_wconf 82' lang='lat' dir='ltr'>longum</span> <span class='ocrx_word' id='word_1_199' title='bbox 312 2247 425 2300; x_wconf 84' lang='lat' dir='ltr'>faciam:</span> <span class='ocrx_word' id='word_1_200' title='bbox 444 2263 492 2299; x_wconf 86' lang='lat' dir='ltr'>scu</span> <span class='ocrx_word' id='word_1_201' title='bbox 509 2262 554 2299; x_wconf 89' lang='lat' dir='ltr'>me</span> <span class='ocrx_word' id='word_1_202' title='bbox 571 2246 720 2313; x_wconf 85' lang='lat' dir='ltr'>tranquille</span> <span class='ocrx_word' id='word_1_203' title='bbox 738 2249 863 2299; x_wconf 85' lang='lat' dir='ltr'>senectus</span> 
     </span>
     <span class='ocr_line' id='line_1_29' title="bbox 122 2320 784 2389; baseline -0.005 -14"><span class='ocrx_word' id='word_1_204' title='bbox 122 2323 271 2389; x_wconf 81' lang='lat' dir='ltr'>Exspectat</span> <span class='ocrx_word' id='word_1_205' title='bbox 288 2337 336 2374; x_wconf 88' lang='lat' dir='ltr'>seu</span> <span class='ocrx_word' id='word_1_206' title='bbox 354 2320 430 2372; x_wconf 89' lang='lat' dir='ltr'>Mors</span> <span class='ocrx_word' id='word_1_207' title='bbox 448 2321 515 2373; x_wconf 88' lang='lat' dir='ltr'>atris</span> <span class='ocrx_word' id='word_1_208' title='bbox 533 2320 709 2373; x_wconf 85' lang='lat' dir='ltr'>circumvolat</span> <span class='ocrx_word' id='word_1_209' title='bbox 726 2320 784 2386; x_wconf 78' lang='lat' dir='ltr'>alie,</span> 
     </span>
    </p>

    <p class='ocr_par' dir='ltr' id='par_1_14' title="bbox 122 2393 976 2615">
     <span class='ocr_line' id='line_1_30' title="bbox 122 2393 887 2465; baseline 0 -16"><span class='ocrx_word' id='word_1_210' title='bbox 122 2397 212 2463; x_wconf 90' lang='lat' dir='ltr'>Dives,</span> <span class='ocrx_word' id='word_1_211' title='bbox 230 2396 315 2462; x_wconf 85' lang='lat' dir='ltr'>inops,</span> <span class='ocrx_word' id='word_1_212' title='bbox 335 2395 446 2464; x_wconf 86' lang='lat' dir='ltr'>Romae,</span> <span class='ocrx_word' id='word_1_213' title='bbox 464 2393 513 2447; x_wconf 77' lang='lat' dir='ltr'>s&#39;eu</span> <span class='ocrx_word' id='word_1_214' title='bbox 530 2394 587 2448; x_wconf 87' lang='lat' dir='ltr'>fors</span> <span class='ocrx_word' id='word_1_215' title='bbox 604 2395 645 2447; x_wconf 87' lang='lat' dir='ltr'>ita</span> <span class='ocrx_word' id='word_1_216' title='bbox 658 2395 782 2462; x_wconf 86' lang='lat' dir='ltr'>jusserit,</span> <span class='ocrx_word' id='word_1_217' title='bbox 802 2395 887 2465; x_wconf 78' lang='lat' dir='ltr'>exsul,</span> 
     </span>
     <span class='ocr_line' id='line_1_31' title="bbox 123 2469 976 2540; baseline 0.008 -17"><span class='ocrx_word' id='word_1_218' title='bbox 123 2472 251 2540; x_wconf 81' lang='lat' dir='ltr'>Quisquis</span> <span class='ocrx_word' id='word_1_219' title='bbox 268 2470 321 2524; x_wconf 87' lang='lat' dir='ltr'>orit</span> <span class='ocrx_word' id='word_1_220' title='bbox 338 2471 411 2524; x_wconf 85' lang='lat' dir='ltr'>vitus</span> <span class='ocrx_word' id='word_1_221' title='bbox 429 2470 545 2524; x_wconf 83' lang='lat' dir='ltr'>scribam</span> <span class='ocrx_word' id='word_1_222' title='bbox 563 2469 657 2524; x_wconf 89' lang='lat' dir='ltr'>color.&#39;&#39;</span> <span class='ocrx_word' id='word_1_223' title='bbox 687 2470 734 2523; x_wconf 79' lang='lat'>“0</span> <span class='ocrx_word' id='word_1_224' title='bbox 752 2487 829 2540; x_wconf 89' lang='lat' dir='ltr'>puer,</span> <span class='ocrx_word' id='word_1_225' title='bbox 847 2476 879 2526; x_wconf 93' lang='lat' dir='ltr'>ut</span> <span class='ocrx_word' id='word_1_226' title='bbox 897 2473 934 2528; x_wconf 82' lang='lat' dir='ltr'>eis</span> <span class='ocrx_word' id='word_1_227' title='bbox 951 2490 976 2531; x_wconf 84' lang='lat' dir='ltr'>oo</span> 
     </span>
     <span class='ocr_line' id='line_1_32' title="bbox 122 2546 786 2615; baseline 0.002 -15"><span class='ocrx_word' id='word_1_228' title='bbox 122 2547 222 2600; x_wconf 84' lang='lat' dir='ltr'>Vitelis</span> <span class='ocrx_word' id='word_1_229' title='bbox 240 2550 333 2599; x_wconf 90' lang='lat' dir='ltr'>metuo</span> <span class='ocrx_word' id='word_1_230' title='bbox 352 2549 381 2599; x_wconf 91' lang='lat' dir='ltr'>et</span> <span class='ocrx_word' id='word_1_231' title='bbox 397 2546 532 2614; x_wconf 83' lang='lat' dir='ltr'>majorum</span> <span class='ocrx_word' id='word_1_232' title='bbox 550 2562 585 2598; x_wconf 92' lang='lat' dir='ltr'>nc</span> <span class='ocrx_word' id='word_1_233' title='bbox 603 2546 664 2615; x_wconf 88' lang='lat' dir='ltr'>quis</span> <span class='ocrx_word' id='word_1_234' title='bbox 682 2547 786 2601; x_wconf 89' lang='lat' dir='ltr'>amicus</span> 
     </span>
    </p>

    <p class='ocr_par' dir='ltr' id='par_1_15' title="bbox 121 2621 919 2768">
     <span class='ocr_line' id='line_1_33' title="bbox 121 2621 919 2691; baseline 0.005 -16"><span class='ocrx_word' id='word_1_235' title='bbox 121 2623 235 2690; x_wconf 81' lang='lat' dir='ltr'>Frigore</span> <span class='ocrx_word' id='word_1_236' title='bbox 252 2626 282 2676; x_wconf 89' lang='lat' dir='ltr'>tc</span> <span class='ocrx_word' id='word_1_237' title='bbox 299 2621 402 2675; x_wconf 83' lang='lat' dir='ltr'>feriet.’&#39;</span> <span class='ocrx_word' id='word_1_238' title='bbox 432 2622 447 2649; x_wconf 86' lang='lat'><strong>“</strong></span> <span class='ocrx_word' id='word_1_239' title='bbox 456 2622 536 2691; x_wconf 80' lang='lat' dir='ltr'>Quid,</span> <span class='ocrx_word' id='word_1_240' title='bbox 554 2639 616 2676; x_wconf 87' lang='lat' dir='ltr'>cum</span> <span class='ocrx_word' id='word_1_241' title='bbox 635 2627 678 2677; x_wconf 90' lang='lat' dir='ltr'>est</span> <span class='ocrx_word' id='word_1_242' title='bbox 697 2623 818 2678; x_wconf 89' lang='lat' dir='ltr'>Lucilius</span> <span class='ocrx_word' id='word_1_243' title='bbox 836 2640 919 2679; x_wconf 88' lang='lat' dir='ltr'>ausus</span> 
     </span>
     <span class='ocr_line' id='line_1_34' title="bbox 121 2698 919 2768; baseline 0.003 -17"><span class='ocrx_word' id='word_1_244' title='bbox 121 2699 229 2751; x_wconf 90' lang='lat' dir='ltr'>Primus</span> <span class='ocrx_word' id='word_1_245' title='bbox 246 2698 275 2751; x_wconf 94' lang='lat' dir='ltr'>in</span> <span class='ocrx_word' id='word_1_246' title='bbox 293 2698 364 2751; x_wconf 90' lang='lat' dir='ltr'>hunc</span> <span class='ocrx_word' id='word_1_247' title='bbox 382 2699 472 2766; x_wconf 88' lang='lat' dir='ltr'>operis</span> <span class='ocrx_word' id='word_1_248' title='bbox 490 2715 653 2767; x_wconf 87' lang='lat' dir='ltr'>componere</span> <span class='ocrx_word' id='word_1_249' title='bbox 671 2700 791 2753; x_wconf 88' lang='lat' dir='ltr'>carmine</span> <span class='ocrx_word' id='word_1_250' title='bbox 808 2717 919 2768; x_wconf 88' lang='lat' dir='ltr'>morem,</span> 
     </span>
    </p>
   </div>
   <div class='ocr_carea' id='block_1_3' title="bbox 119 2773 974 3299">
    <p class='ocr_par' dir='ltr' id='par_1_16' title="bbox 120 2773 974 3068">
     <span class='ocr_line' id='line_1_35' title="bbox 121 2773 904 2845; baseline 0.003 -18"><span class='ocrx_word' id='word_1_251' title='bbox 121 2773 273 2828; x_wconf 83' lang='lat' dir='ltr'>Detrahere</span> <span class='ocrx_word' id='word_1_252' title='bbox 291 2777 320 2827; x_wconf 89' lang='lat' dir='ltr'>ct</span> <span class='ocrx_word' id='word_1_253' title='bbox 337 2773 444 2843; x_wconf 86' lang='lat' dir='ltr'>pellem,</span> <span class='ocrx_word' id='word_1_254' title='bbox 461 2774 566 2828; x_wconf 89' lang='lat' dir='ltr'>nitidus</span> <span class='ocrx_word' id='word_1_255' title='bbox 585 2792 639 2844; x_wconf 87' lang='lat' dir='ltr'>qua</span> <span class='ocrx_word' id='word_1_256' title='bbox 657 2776 773 2843; x_wconf 87' lang='lat' dir='ltr'>quisque</span> <span class='ocrx_word' id='word_1_257' title='bbox 790 2792 904 2845; x_wconf 86' lang='lat' dir='ltr'>perora</span> 
     </span>
     <span class='ocr_line' id='line_1_36' title="bbox 121 2843 974 2921; baseline 0.004 -18"><span class='ocrx_word' id='word_1_258' title='bbox 121 2850 248 2918; x_wconf 82' lang='lat' dir='ltr'>(lederet,</span> <span class='ocrx_word' id='word_1_259' title='bbox 264 2851 412 2904; x_wconf 88' lang='lat' dir='ltr'>introrsum</span> <span class='ocrx_word' id='word_1_260' title='bbox 429 2852 526 2920; x_wconf 88' lang='lat' dir='ltr'>turpis,</span> <span class='ocrx_word' id='word_1_261' title='bbox 545 2869 612 2904; x_wconf 90' lang='lat' dir='ltr'>num</span> <span class='ocrx_word' id='word_1_262' title='bbox 630 2852 739 2906; x_wconf 88' lang='lat' dir='ltr'>Laelius</span> <span class='ocrx_word' id='word_1_263' title='bbox 756 2856 805 2906; x_wconf 86' lang='lat' dir='ltr'>aut</span> <span class='ocrx_word' id='word_1_264' title='bbox 822 2843 870 2921; x_wconf 85' lang='lat' dir='ltr'>qui</span> <span class='ocrx_word' id='word_1_265' title='bbox 950 2866 974 2906; x_wconf 75' lang='lat'>⁶5</span> 
     </span>
     <span class='ocr_line' id='line_1_37' title="bbox 120 2926 869 2995; baseline 0.004 -17"><span class='ocrx_word' id='word_1_266' title='bbox 120 2926 208 2979; x_wconf 83' lang='lat' dir='ltr'>Duxit</span> <span class='ocrx_word' id='word_1_267' title='bbox 226 2926 261 2979; x_wconf 91' lang='lat' dir='ltr'>ab</span> <span class='ocrx_word' id='word_1_268' title='bbox 279 2943 408 2995; x_wconf 88' lang='lat' dir='ltr'>oppressa</span> <span class='ocrx_word' id='word_1_269' title='bbox 425 2927 554 2981; x_wconf 88' lang='lat' dir='ltr'>meritum</span> <span class='ocrx_word' id='word_1_270' title='bbox 575 2928 746 2995; x_wconf 80' lang='lat' dir='ltr'>Karthagine</span> <span class='ocrx_word' id='word_1_271' title='bbox 763 2944 869 2995; x_wconf 87' lang='lat' dir='ltr'>nomen,</span> 
     </span>
     <span class='ocr_line' id='line_1_38' title="bbox 120 3000 766 3068; baseline 0.005 -15"><span class='ocrx_word' id='word_1_272' title='bbox 120 3000 235 3068; x_wconf 85' lang='lat' dir='ltr'>Ingenio</span> <span class='ocrx_word' id='word_1_273' title='bbox 253 3002 348 3056; x_wconf 85' lang='lat' dir='ltr'>offensi</span> <span class='ocrx_word' id='word_1_274' title='bbox 366 3006 413 3056; x_wconf 86' lang='lat' dir='ltr'>eut</span> <span class='ocrx_word' id='word_1_275' title='bbox 431 3003 504 3056; x_wconf 89' lang='lat' dir='ltr'>laeso</span> <span class='ocrx_word' id='word_1_276' title='bbox 522 3003 635 3057; x_wconf 88' lang='lat' dir='ltr'>doluere</span> <span class='ocrx_word' id='word_1_277' title='bbox 653 3004 766 3057; x_wconf 84' lang='lat' dir='ltr'>Metello</span> 
     </span>
    </p>

    <p class='ocr_par' dir='ltr' id='par_1_17' title="bbox 119 3074 972 3299">
     <span class='ocr_line' id='line_1_39' title="bbox 119 3074 826 3146; baseline 0.004 -18"><span class='ocrx_word' id='word_1_278' title='bbox 119 3074 297 3146; x_wconf 82' lang='lat' dir='ltr'>Femosisque</span> <span class='ocrx_word' id='word_1_279' title='bbox 315 3078 392 3145; x_wconf 83' lang='lat' dir='ltr'>Lupo</span> <span class='ocrx_word' id='word_1_280' title='bbox 410 3083 538 3146; x_wconf 90' lang='lat' dir='ltr'>cooperto</span> <span class='ocrx_word' id='word_1_281' title='bbox 556 3079 701 3133; x_wconf 68' lang='lat' dir='ltr'>versibus?</span> <span class='ocrx_word' id='word_1_282' title='bbox 738 3079 826 3146; x_wconf 85' lang='lat' dir='ltr'>Atqui</span> 
     </span>
     <span class='ocr_line' id='line_1_40' title="bbox 119 3149 855 3223; baseline 0.007 -23"><span class='ocrx_word' id='word_1_283' title='bbox 119 3149 257 3206; x_wconf 85' lang='lat' dir='ltr'>Primores</span> <span class='ocrx_word' id='word_1_284' title='bbox 273 3154 366 3222; x_wconf 84' lang='lat' dir='ltr'>populi</span> <span class='ocrx_word' id='word_1_285' title='bbox 384 3154 501 3223; x_wconf 87' lang='lat' dir='ltr'>arripuit</span> <span class='ocrx_word' id='word_1_286' title='bbox 518 3154 704 3223; x_wconf 85' lang='lat' dir='ltr'>populumque</span> <span class='ocrx_word' id='word_1_287' title='bbox 721 3154 855 3220; x_wconf 87' lang='lat' dir='ltr'>tributim,</span> 
     </span>
     <span class='ocr_line' id='line_1_41' title="bbox 119 3222 972 3299; baseline 0.006 -22"><span class='ocrx_word' id='word_1_288' title='bbox 119 3222 228 3279; x_wconf 82' lang='lat' dir='ltr'>Scilicet</span> <span class='ocrx_word' id='word_1_289' title='bbox 245 3228 293 3281; x_wconf 90' lang='lat' dir='ltr'>uni</span> <span class='ocrx_word' id='word_1_290' title='bbox 311 3245 415 3299; x_wconf 87' lang='lat' dir='ltr'>aequus</span> <span class='ocrx_word' id='word_1_291' title='bbox 432 3231 529 3285; x_wconf 90' lang='lat' dir='ltr'>virtuti</span> <span class='ocrx_word' id='word_1_292' title='bbox 547 3233 632 3299; x_wconf 88' lang='lat' dir='ltr'>atque</span> <span class='ocrx_word' id='word_1_293' title='bbox 650 3229 711 3297; x_wconf 89' lang='lat' dir='ltr'>ejus</span> <span class='ocrx_word' id='word_1_294' title='bbox 728 3227 828 3282; x_wconf 78' lang='lat' dir='ltr'>amicis</span> <span class='ocrx_word' id='word_1_295' title='bbox 947 3242 972 3282; x_wconf 72' lang='lat' dir='ltr'>re</span> 
     </span>
    </p>
   </div>
   <div class='ocr_carea' id='block_1_4' title="bbox 0 0 1142 3550">
    <p class='ocr_par' dir='ltr' id='par_1_18' title="bbox 0 0 1142 3550">
     <span class='ocr_line' id='line_1_42' title="bbox 0 0 1142 3550; baseline 0 1"><span class='ocrx_word' id='word_1_296' title='bbox 0 0 1142 3550; x_wconf 95' lang='lat' dir='ltr'> </span> 
     </span>
    </p>
   </div>
  </div>
 </body>
</html>
