2275 3550
202 410 206 415 “
308 427 347 508 o.
387 430 641 497 nonnum
679 391 892 497 r'nrccr

444 536 760 646 GARliINUM

464 768 466 773 '
508 759 638 816 LIBER
659 759 684 817 Ι.

585 927 608 983 Ι.

272 1031 431 1086 Mnucuum
448 1030 536 1084 atavia
552 1030 629 1084 edite
645 1030 757 1099 regibus

273 1106 297 1160 0
316 1110 346 1161 et
363 1106 531 1175 praesidium
548 1108 579 1161 et
596 1105 675 1160 dulce
692 1106 776 1160 decus
792 1122 892 1174 meum,

271 1182 342 1236 Sunt
360 1198 429 1250 quos
445 1181 580 1235 curriculo
597 1181 738 1250 pulverem
756 1182 927 1250 Olympicum

272 1257 422 1325 Collegisse
435 1257 524 1324 jurat,
542 1259 672 1324 metaque
689 1256 803 1311 fervidis

271 1332 385 1386 Ilvitata
401 1332 477 1399 rotie,
493 1331 639 1400 palmaque
655 1331 761 1385 nobilis.
1012 1347 1026 1388 t

272 1407 421 1461 Terrarum
439 1407 562 1460 dominos
580 1406 672 1460 evehit
689 1407 726 1460 ad
743 1408 825 1476 Deos,

271 1482 354 1537 Hune
370 1483 395 1536 ai
412 1481 552 1536 mobilium
570 1482 654 1536 turba
672 1482 819 1546 Quiritium

271 1558 369 1612 (lentot
386 1558 545 1627 tergeminis
562 1558 659 1612 tollere
676 1558 840 1625 honoribus3

272 1633 355 1687 Illum
373 1634 397 1688 si
413 1633 523 1703 proprio
540 1634 665 1688 condidit
682 1634 780 1688 horreo

271 1708 413 1778 Quidquid
430 1709 466 1763 de
484 1709 593 1779 Libycis
610 1709 730 1763 verritur
746 1710 824 1764 arcia
1002 1728 1023 1767 ro

271 1785 444 1840 Gaudentem
461 1787 566 1854 patrios
584 1786 689 1845 iinde're
707 1786 813 1840 sarculo

271 1861 362 1929 Agros
381 1860 510 1914 Attalicis
527 1861 729 1916 conditionibus

270 1935 421 2004 Nunquam
438 1935 585 2003 dimoveas,
601 1938 635 1989 ut
651 1935 731 1989 trabe
749 1936 849 2005 Cypria

270 2009 412 2079 Myrtoum
429 2010 545 2078 pavidus
561 2013 647 2064 nauta
663 2014 739 2065 secet
754 2028 837 2066 mare.

270 2087 433 2141 Luctantem
452 2086 548 2139 icariis
564 2085 693 2140 fluetibus
711 2086 835 2141 Africum
1000 2103 1023 2143 io

270 2162 410 2216 Mercator
426 2164 551 2215 metuens
569 2162 656 2222 otium
674 2165 703 2216 et
720 2161 814 2231 oppidi

269 2236 380 2291 Laudat
395 2253 461 2291 rura
478 2236 535 2304 sui;
552 2253 617 2290 mox
634 2238 723 2291 reiicit
740 2241 815 2292 rates

270 2312 389 2377 Quassus
406 2311 530 2365 indocilis
547 2313 706 2381 pauperiem
723 2313 789 2381 pati.
816 2350 822 2364 .

267 2387 320 2441 Est
337 2388 384 2457 qui
401 2403 452 2441 nec
469 2388 571 2442 veteris
587 2388 684 2456 pocula
701 2388 812 2442 Massici

267 2463 295 2518 N
297 2481 328 2518 ee
345 2466 453 2532 partem
471 2463 557 2517 solido
575 2464 686 2518 demere
703 2464 740 2518 de
757 2464 803 2518 die
996 2481 1020 2521 ro

266 2539 386 2609 Spernit
403 2555 474 2592 nune
492 2539 573 2592 viridi
590 2539 784 2593 membraculo
801 2540 901 2594 arbuto

266 2614 385 2682 Stratus,
403 2631 475 2668 nunc
491 2614 528 2668 ad
546 2631 634 2683 aquae
650 2616 712 2669 lene
729 2620 811 2684 caput
829 2631 928 2675 sacrae,

266 2690 372 2744 Multos
388 2693 480 2744 eastra
492 2689 594 2755 ‚iuvant
611 2693 640 2744 et
657 2692 726 2745 lituo
743 2692 827 2746 tubae

266 2764 427 2824 Permixtus,
442 2765 546 2818 sonitus
563 2765 690 2834 bellaque
706 2767 841 2821 matribus

265 2840 420 2895 Detestctu
455 2840 551 2895 Manet
568 2841 620 2895 sub
638 2843 709 2896 Jove
725 2843 826 2910 frigido
996 2859 1020 2898 re

264 2914 389 2971 Venator
406 2920 520 2971 tenerae
537 2918 661 2987 conjugis
677 2919 827 2988 immemor,
888 2949 891 2954 -

263 2989 321 3046 Seu
337 2992 397 3046 visa
414 2995 458 3047 eat
474 2992 573 3046 catulis
591 3009 671 3047 cerva
687 2994 824 3061 fidelibus,

263 3065 320 3121 Seu
335 3068 413 3137 rupit
429 3070 535 3122 teretes
553 3068 664 3122 Marsus
681 3085 748 3136 aper
764 3069 868 3137 plagas.

263 3142 312 3195 Mo
330 3142 474 3198 doctarum
491 3142 611 3197 hederae
628 3142 752 3212 praemia
770 3144 903 3198 frontium

262 3215 314 3272 Dis
331 3217 448 3271 miscent
464 3218 589 3283 superis3
607 3235 652 3272 me
669 3217 791 3286 gelidum
808 3234 906 3273 nemus
996 3236 1019 3273 ro
