2275 3550
136 199 184 248 204
414 198 569 249 HORATII
587 200 718 251 FLAOGI

137 275 288 343 Inciderit3
310 292 362 332 nec
379 281 478 347 quarta
494 277 571 347 loqui
588 296 705 349 persona
722 280 834 338 laboret

139 352 252 406 Actoris
269 356 364 422 partes
382 354 480 408 chorus
497 354 671 424 officiumque
687 356 767 410 virdo

139 427 285 496 Defendet,
303 445 358 483 neu
375 429 443 498 quid
460 429 566 484 medios
583 429 731 485 intercinat
748 435 826 485 actus

140 502 222 567 Quod
239 518 293 558 non
310 506 451 573 proposito
469 506 604 560 conducat
621 512 651 561 et
667 507 782 562 haereat
798 512 870 577 apte.
968 523 1015 565 ιιι

141 577 194 632 ille
210 577 290 633 bonis
307 580 453 648 faveatque
471 585 501 636 et
517 582 676 636 consilietur
693 584 787 652 amice,

58 677 63 690 ¹
140 653 179 709 m
196 659 275 723 regat
291 656 378 709 iratos
395 659 425 710 et
442 659 516 710 amet
533 673 647 724 peccare
664 656 809 721 timentes3

142 727 195 786 llle
212 730 298 799 dapes
316 730 411 794 laudet
428 747 539 785 mensae
558 730 658 799 brevis,
676 732 723 785 ille
741 731 878 787 salubrem

141 805 239 859 Justit
218 809 285 860 tram
302 806 432 876 legesque
450 811 480 861 et
497 808 635 876 apertiso
619 808 675 862 otia
691 808 794 876 portis3
1114 815 1115 880 ι

142 880 195 935 llle
212 885 290 949 tegat
307 883 451 936 commissa
468 883 590 952 deosque
606 887 735 952 precetur
752 887 782 938 c
799 886 867 951 oret,
964 900 1008 939 mo
1028 883 1065 993 l(

141 956 183 1010 Ut
200 957 297 1012 redeat
285 957 430 1027 tmiseris,
449 958 532 1013 abeat
549 960 660 1013 fortuna
677 940 823 1040 superbi&

142 1031 221 1086 'libia
238 1049 291 1086 non
308 1037 341 1087 ut
358 1050 430 1088 nunc
447 1034 582 1088 orichalco
599 1034 691 1088 vincta
708 1033 846 1103 tubaeque

144 1109 270 1178 Aemula,
288 1109 339 1163 sed
355 1110 448 1164 tenuis
466 1110 636 1179 simplexque
652 1110 790 1164 foramine
801 1125 887 1179 pauco

143 1184 296 1253 Adspirare
314 1188 344 1240 et
361 1185 459 1240 adesse
476 1186 564 1240 choris
583 1189 644 1239 erat
661 1185 737 1240 utilis
755 1189 839 1254 atque
887 1202 890 1206 ·

142 1258 170 1313 N
172 1260 275 1314 ondum
292 1262 379 1330 spissa
395 1261 477 1315 nimis
494 1261 630 1329 complere
648 1261 745 1314 sedilia
762 1260 852 1326 flatu}
963 1276 1003 1316 ιιι

144 1335 205 1399 Quo
222 1337 420 1406 sane'populus
437 1335 614 1390 numerabilis
632 1339 729 1405 utpote
746 1352 847 1405 parvus

143 1410 181 1465 Et
197 1411 271 1479 frugi
288 1414 434 1480 castusque
451 1412 677 1480 verecundusque
694 1412 793 1466 coibat.

143 1485 294 1554 Postquam
311 1487 402 1554 coepit
419 1504 499 1554 agros
517 1487 668 1541 extendere
686 1487 773 1540 victor
790 1490 821 1541 et
837 1486 921 1543 urbes

143 1561 238 1615 Latior
254 1561 382 1630 amplecti
402 1577 497 1616 murus
514 1563 633 1632 vinoque
651 1562 750 1615 ιιιιιιιιο

143 1636 250 1691 Placari
268 1635 372 1690 Genius
388 1637 469 1692 festis
486 1638 599 1706 impune
618 1637 725 1704 diebus,
953 1648 1001 1693 'rio

144 1712 269 1767 Accessit
285 1712 462 1782 numerisque
479 1713 623 1783 modisque
641 1712 753 1768 licentia
769 1714 872 1782 major;

144 1790 277 1844 Indoctus
294 1789 363 1858 quid
381 1790 453 1843 enim
471 1794 583 1859 saperet
599 1790 726 1858 liberque
743 1789 868 1843 laborum

144 1863 274 1918 Rusticus
291 1862 398 1917 urbano
416 1864 551 1932 confusus,
569 1865 659 1933 turpis
679 1866 814 1920 honesto?

143 1940 189 1995 Sic
205 1941 310 2011 priscae
327 1944 488 2010 motumque
506 1944 535 1995 et
552 1940 689 1995 luxuriem
707 1940 817 1994 addidit
833 1941 888 1995 arti

143 2015 257 2070 Tibicen
274 2016 416 2086 traxitque
434 2033 519 2085 vagus
536 2033 589 2085 per
605 2016 714 2086 pulpita
729 2018 851 2081 vestem
963 2032 999 2071 ιιι

143 2091 190 2146 Sic
207 2093 291 2148 etiam
308 2092 409 2146 fidibus
427 2108 508 2146 voces
525 2108 637 2146 crevere
655 2092 765 2158 severis,
800 2130 805 2142 .

144 2168 182 2222 Et
199 2168 265 2222 tulit
282 2168 421 2236 eloquium
438 2166 579 2222 insolitum
596 2167 724 2221 facundia
740 2181 877 2235 praeceps,

143 2243 316 2311 Utiliumque
333 2259 418 2311 sagax
435 2258 529 2296 rerum
546 2246 576 2297 et
594 2242 686 2295 divina
700 2241 787 2295 futuri

144 2318 287 2386 Sortilegis
304 2333 359 2370 non
376 2317 528 2386 discrepuit
546 2317 684 2371 sententia
701 2316 825 2385 Delphis

144 2392 271 2451 Carmine
288 2390 335 2461 qui
353 2392 457 2460 tragico
475 2393 558 2446 vilem
575 2392 692 2446 certavit
709 2391 745 2446 ob
761 2391 877 2460 hircum,
963 2406 998 2445 mo

144 2469 210 2525 Mox
227 2468 311 2523 etiam
329 2471 461 2536 agrestes
471 2467 584 2536 Satyros
601 2466 724 2534 nudavit,
741 2471 772 2521 et
788 2482 870 2535 asper

144 2544 278 2598 Incolumi
295 2543 432 2612 gravitate
445 2542 541 2611 jocum
558 2544 685 2609 tentavit,
703 2559 736 2596 eo
754 2542 828 2611 quod

144 2619 286 2674 illecebris
304 2621 365 2672 erat
382 2622 412 2672 et
428 2620 510 2686 grata
526 2618 649 2672 novitate
666 2618 816 2672 morandus

143 2696 295 2765 Spectator,
314 2695 480 2764 frmctusque
498 2693 584 2748 sacris
601 2697 632 2748 et
649 2697 731 2762 potus
748 2697 778 2747 et
795 2692 884 2747 exlex.

143 2770 248 2825 Verum
264 2771 305 2825 ita
321 2769 430 2837 risores,
448 2770 489 2824 ita
506 2769 699 2824 commendare
716 2765 843 2822 dicaces
961 2782 996 2822 ms

143 2848 295 2903 Conveniet
313 2845 432 2915 Satyros,
451 2845 492 2899 ita
508 2849 619 2899 vertere
637 2845 710 2898 seria
727 2845 800 2911 ludo,

143 2925 188 2979 Ne
205 2924 359 2994 quicunque
376 2921 453 2989 deus,
471 2921 628 2990 quicunque
646 2919 822 2974 adhibebitur
838 2917 927 2985 heros,

144 2999 241 3067 Regali
259 2999 420 3065 conspectus
437 2997 467 3049 in
484 3012 552 3049 auro
568 3011 658 3063 nuper
675 2999 705 3049 et
722 2999 804 3062 ostro,

143 3074 248 3141 Migret
265 3074 294 3126 in
312 3072 440 3125 obscuras
457 3069 554 3123 humili
572 3085 698 3123 sermone
715 3068 853 3135 tabernas,

143 3148 204 3201 Aut
220 3149 286 3201 dum
303 3147 374 3199 vitat
391 3146 504 3198 humum
521 3142 609 3196 nubes
626 3147 656 3197 et
672 3144 763 3195 inania
780 3144 881 3209 captet
957 3157 990 3197 rso
1027 3183 1034 3187 „

143 3222 260 3275 Effutire
277 3222 351 3275 leves
368 3220 481 3288 indigna
498 3218 651 3286 Tragoedia
668 3233 771 3283 versus,
