2275 3550
126 173 158 215 eb

405 170 561 218 HORATII
576 170 707 218 FLACOI

269 249 376 319 injecta
392 248 523 303 monstris
540 248 627 302 Terra
644 249 720 304 dolet
737 250 794 305 suis

266 325 431 392 Maeretquc
447 326 544 393 partus
561 323 675 377 fulmine
692 325 812 380 luridum

301 399 402 454 Missos
419 398 455 452 ad
474 399 576 453 Orcum
585 419 593 464 3
609 416 661 453 nec
677 400 787 468 peredit

337 474 499 542 Impositum
516 474 591 528 celer
606 474 678 543 ignis
696 476 816 544 Aetnen,

268 548 468 605 Incontinentis
486 565 537 604 nee
555 550 629 619 'lityi
642 549 724 619 jecur

268 624 393 692 Reliquit
410 624 474 692 ales,
491 626 632 695 nequitiae
649 626 762 680 additus

303 699 419 769 custos3
435 704 586 754 amatorem
602 704 742 755 trecentae
765 726 767 728 v

244 793 245 796 ¹
337 774 493 829 Pirithoum
510 775 640 830 cohibent
656 779 775 833 catenae.

503 870 513 883 N

463 907 476 922 ²⁵
635 914 640 921 ·
670 910 713 932 221·
739 924 744 932 .

538 915 574 971 V.

269 997 364 1053 Ounno
382 999 534 1053 Tonantem
550 997 720 1052 credidimus
736 997 836 1051 Jovem

269 1073 413 1142 Regnare:
430 1090 562 1144 praesens
580 1074 660 1128 divus
676 1071 825 1128 habebitur

303 1151 447 1218 Augustus
464 1149 583 1218 adjectis
601 1149 742 1203 Britannis

337 1224 458 1294 Imperio
475 1225 658 1294 gravibusque
677 1224 777 1279 Persis.

268 1299 387 1354 Milesne
405 1299 497 1354 Crassi
514 1300 630 1368 conjuge
647 1299 766 1354 barbara
817 1315 820 1319 ·

269 1374 368 1441 'impis
384 1375 500 1428 maritus
517 1375 587 1428 vixit
604 1378 634 1428 et
651 1374 777 1442 hostium,

303 1448 358 1504 Pro
375 1449 450 1502 ouria
466 1449 625 1517 inversique
642 1453 748 1503 mores!

243 1538 246 1543 ’
338 1523 488 1577 Consenuit
506 1539 660 1577 socerorum
677 1524 705 1576 in
723 1524 806 1578 armis

227 1644 230 1651 .
269 1596 326 1654 Sub
343 1614 409 1666 rege
427 1598 512 1653 Medo
531 1598 640 1652 Marsus
658 1601 688 1653 et
707 1598 835 1675 Apulusj

269 1673 440 1728 Anciliorum
457 1677 487 1727 et
503 1673 622 1728 nominis
640 1676 670 1728 et
686 1677 768 1742 togae

303 1748 414 1805 Oblitus
431 1753 616 1819 aeternaeque
634 1748 745 1817 Vestae,

338 1826 471 1880 Incolumi
489 1827 559 1879 Jove
578 1829 608 1880 et
624 1825 694 1879 urbe
713 1826 821 1882 Romal

269 1900 331 1955 Hoc
348 1906 458 1956 caverat
474 1918 552 1956 mens
568 1902 685 1972 provida
703 1901 803 1971 Reguli

268 1976 467 2032 Dissentientis
484 1976 686 2032 conditionibus

286 2114 289 2119 ,
303 2051 405 2106 Foedis
422 2057 452 2107 et
470 2053 595 2121 exemplo
613 2054 748 2107 trahentis

337 2126 491 2181 Perniciem
509 2129 622 2182 veniens
638 2129 668 2180 in
685 2145 790 2197 aevum,

267 2200 298 2256 Si
314 2217 370 2254 non
386 2203 491 2270 periret
508 2202 710 2255 immiserabilis

269 2276 384 2344 Captiva
401 2275 496 2344 pubes.
531 2275 546 2302 “
551 2275 635 2342 Signa
652 2291 703 2343 ego
721 2275 832 2329 Punicis

303 2349 405 2406 Adlixa
422 2349 545 2404 delubris
563 2354 594 2403 et
610 2366 686 2403 arma

335 2424 472 2478 Militibus
490 2425 548 2478 sine
566 2425 672 2492 eaede,’'
690 2423 770 2492 dixit,

267 2497 411 2568 “Derepta
428 2499 502 2566 vidi3
519 2500 576 2553 vidi
594 2516 646 2567 ego
663 2500 764 2553 civium

267 2575 385 2630 Retorta
402 2579 481 2643 tergo
498 2574 610 2628 brachia
626 2576 713 2628 libero

300 2650 453 2719 Portasque
470 2667 524 2704 non
542 2650 646 2704 clausas
663 2656 692 2705 et
709 2666 775 2704 arva

334 2726 425 2779 Marte
442 2726 494 2780 coli
510 2727 641 2795 populata
657 2728 758 2779 nostro.

264 2801 343 2856 Auro
360 2817 492 2869 repensus
510 2802 614 2855 sedicet
630 2801 719 2855 acrior

264 2876 347 2932 lliles
364 2875 474 2930 redibit.
509 2877 626 2946 Flagitio
643 2875 746 2931 additis

298 2952 451 3007 Damnum:
468 2969 558 3021 neque
576 2954 689 3006 amissos
705 2952 809 3005 colores

332 3026 408 3081 Lana
425 3028 511 3082 refert
528 3028 664 3082 medicata
680 3029 750 3094 fuco,

263 3101 290 3156 N
292 3119 323 3156 ec
339 3119 405 3156 vera
421 3103 508 3156 virtus
526 3119 587 3157 eum
605 3103 689 3158 semel
706 3100 809 3157 excidit

264 3177 350 3233 Curat
366 3179 461 3248 reponi
479 3178 672 3242 deterioribus.
