2275 3550
129 178 177 228 172
404 177 560 227 HORATII
576 177 707 227 FLAGGI

127 255 241 311 Inritus.
277 254 354 323 Fuge
370 272 482 324 magna:
501 257 567 311 licet
585 257 637 310 sub
653 273 775 326 paupere
791 260 866 313 tecto

128 330 219 399 Reges
237 333 267 385 et
284 348 381 399 regum
399 331 457 386 vita
473 348 652 401 praecurrere
669 333 777 390 amicos

128 405 232 460 Cervus
249 423 351 475 equum
367 424 459 475 pugna
476 407 573 462 melior
589 407 778 462 communibus
795 407 888 463 herbis

129 480 261 549 Pellebat,
279 481 366 535 donec
383 483 472 536 minor
488 483 517 537 in
535 484 685 537 certamine
705 484 786 552 longo

129 556 290 626 Implorarit
306 573 373 625 opes
390 557 507 612 hominis
524 560 687 629 frenumque
704 548 824 629 reecpit¹;

129 632 186 686 Sed
202 636 348 702 postquam
365 633 453 689 victor
468 634 574 689 violens
592 635 718 689 discessit
734 634 771 687 ab
788 635 867 689 hoste

129 707 156 762 N
158 724 192 763 on
210 709 332 777 equitem
350 710 438 778 dorso,
456 726 511 764 non
527 711 636 764 frenum
654 709 761 778 depulit
779 726 834 763 ore.

130 782 176 837 Sic
192 784 240 853 qui
256 786 416 853 pauperiem
433 785 539 840 veritus
556 785 664 854 potiore
681 784 799 839 metallis

130 858 273 914 Libertate
289 864 374 924 caret,
392 861 532 915 dominum
549 861 626 915 vehit
646 860 788 929 improbus
805 861 889 928 atque
908 923 910 928 ¹

130 933 238 989 Serviet
255 939 405 1004 aeternum,
421 937 488 1004 quia
504 953 589 1005 parvo
607 936 712 989 nesciet
729 935 778 989 uti

130 1009 184 1063 eui
200 1027 255 1065 non
271 1011 415 1066 conveniet
433 1028 483 1064 sua
499 1028 552 1078 res,
571 1015 603 1066 ut
620 1011 727 1065 calceus
744 1009 817 1076 olim,

131 1084 161 1139 si
178 1087 250 1154 pede
266 1086 356 1155 major
372 1086 428 1141 erit
444 1086 596 1154 subvertet,
613 1087 637 1140 si
655 1086 744 1139 minor
760 1088 831 1141 uret

131 1160 234 1217 Laetus
251 1166 326 1217 sorte
342 1166 392 1217 tua
408 1163 484 1218 vires
504 1163 650 1231 sapienter,
669 1160 767 1228 Aristi,

131 1235 159 1290 N
161 1254 192 1292 cc
208 1256 253 1293 me
271 1237 394 1293 dimittes
411 1239 603 1306 incastigatum
619 1237 668 1291 ubi
685 1236 765 1306 plura
838 1242 842 1247 '

132 1312 237 1381 Cogere
254 1331 336 1384 quam
354 1314 421 1368 satis
438 1317 482 1368 est
499 1330 531 1368 ac
547 1331 601 1368 non
618 1329 727 1368 cessare
743 1309 864 1366 videbor.

132 1386 257 1458 Imperat
274 1393 322 1444 aut
338 1389 426 1444 servit
441 1390 556 1444 collecta
572 1388 688 1458 pecunia
705 1387 812 1456 cuique,
894 1414 899 1424 ·

131 1462 245 1518 'Portum
262 1463 346 1532 digna
364 1465 441 1532 sequi
458 1465 651 1533 potiusquam
668 1463 771 1516 ducere
788 1463 889 1517 funem.

132 1537 211 1593 Haec
227 1538 280 1592 tibi
296 1539 435 1593 dictabam
452 1543 515 1608 post
532 1540 625 1592 fanum
642 1542 725 1607 putre
742 1537 879 1604 Vacunae,

132 1614 256 1685 Excepto
272 1614 348 1684 quod
364 1631 419 1668 non
435 1614 516 1669 simul
534 1630 610 1690 esses
626 1617 737 1667 caetera
753 1612 849 1670 metus

131 1838 208 1904 Qum
225 1838 277 1894 tibi
294 1841 353 1894 risa
370 1838 460 1907 Chios,
479 1838 591 1907 Bullati,
609 1842 729 1910 notaque
747 1839 859 1907 Lesbos,

132 1915 207 1980 Quid
224 1916 354 1969 concinna
372 1915 474 1982 Samos,
492 1916 561 1985 quid
580 1915 675 1970 Croesi
691 1916 769 1984 regia
786 1916 895 1983 Sardes,

132 1991 247 2060 Smyrna
264 1991 333 2059 quid
350 1995 379 2047 et
397 1991 553 2060 Colophonl
589 1991 698 2059 Majora
714 1991 854 2045 minorave
870 1991 951 2057 fama,

131 2068 274 2121 Cunctane
291 2083 359 2136 prae
377 2066 479 2135 Campo
496 2071 527 2121 et
544 2066 674 2121 Tiberino
691 2066 802 2120 flumine
820 2066 950 2120 sordenti

133 2144 180 2197 An
197 2143 273 2197 venit
290 2143 319 2195 in
336 2145 431 2197 votum
449 2142 580 2197 Attalicis
596 2159 632 2197 ex
651 2141 766 2196 urbibus
782 2159 845 2209 una,
970 2155 985 2195 s

134 2220 180 2272 An
198 2217 341 2271 Lebedum
358 2217 455 2271 laudas
470 2218 536 2270 odio
553 2218 637 2271 maris
654 2222 738 2287 atque
755 2217 877 2272 viaruml

132 2293 192 2347 Scis
210 2292 337 2346 Lebedus
354 2291 423 2360 quid
441 2293 492 2358 sit3
510 2291 607 2346 Gabiis
624 2292 760 2347 desertior
776 2297 862 2362 atque

133 2367 246 2423 Fidenis
263 2367 354 2432 vicus3
370 2370 464 2421 tamen
482 2367 538 2421 illic
555 2368 648 2422 vivere
665 2368 771 2435 vellem,

132 2444 296 2511 Oblitusque
314 2458 438 2496 meorum
454 2442 656 2497 obliviscendus
673 2447 704 2497 et
721 2444 775 2497 illis

133 2520 295 2588 Neptunum
312 2518 407 2587 procul
424 2535 441 2573 e
458 2521 533 2573 terra
550 2524 675 2587 spectare
692 2521 838 2574 furentem.
962 2533 984 2572 n

131 2595 190 2651 Sed
206 2611 298 2664 neque
315 2594 363 2664 qui
381 2594 476 2662 Capua
494 2594 610 2648 Romam
627 2595 700 2664 petit
716 2594 805 2649 imbre
821 2595 936 2664 lutoque

133 2672 291 2740 Adspersus
309 2669 384 2724 volet
400 2670 430 2723 in
446 2686 568 2739 caupona
586 2671 692 2736 vivere3
710 2687 761 2725 nee
778 2670 825 2740 qui

133 2747 233 2816 Frigus
249 2744 361 2813 collegit
377 2745 472 2807 furnos
490 2749 521 2799 et
537 2746 636 2801 balnea
653 2746 763 2800 laudat'

132 2823 174 2878 Ut
191 2823 360 2876 fortunatam
376 2820 458 2890 plene
476 2822 646 2890 praestantia
663 2823 764 2885 vitam!

132 2899 160 2952 N
162 2916 193 2953 ec
211 2898 234 2951 si
252 2900 281 2951 te
297 2896 405 2950 validus
418 2896 566 2964 jactaverit
585 2900 690 2952 Auster
707 2897 736 2950 in
753 2895 817 2966 alto,
964 2905 984 2946 u
1075 2927 1078 2933 ·

132 2974 241 3028 Idcirco
258 2989 356 3026 navem
373 2976 450 3027 trans
469 2973 611 3040 Aegaeum
629 2989 704 3025 mare
721 2971 832 3025 vendas.

132 3048 267 3101 Incolumi
286 3047 399 3101 Rhodos
417 3051 447 3101 et
465 3046 597 3115 Mytilene
615 3047 729 3114 pulchra
744 3046 811 3099 facit
828 3041 904 3113 quod

133 3122 255 3176 Paenula
271 3124 397 3190 solstitio,
415 3126 571 3190 campestre
589 3122 724 3175 nivalibus
740 3121 822 3187 auris,

130 3196 188 3251 Per
204 3197 330 3252 brumam
349 3198 462 3252 Tiberis.
481 3197 580 3252 Sextili
597 3212 691 3249 mense
708 3196 837 3248 caminus
