2275 3550
17 187 23 199 “
110 203 156 249 120
242 236 246 240 .
378 198 533 248 nonam
550 198 680 248 raneos

109 279 157 335 Ad
173 278 293 335 mediam
310 271 419 332 noctem
437 281 581 347 exspecto:
600 294 711 333 somnus
727 281 821 334 tamen
838 283 929 336 aufert

109 355 251 410 intentum
268 354 379 419 veneri;
396 354 456 408 tum
474 354 615 407 immundo
634 355 738 409 somnia
755 350 817 410 visu

109 430 277 486 Nocturnam
294 432 399 483 vestem
416 430 554 484 maculant
571 435 752 499 ventremque
769 432 903 500 supinum
937 447 963 488 85

109 506 245 570 Quattuor
261 505 324 559 hine
339 504 462 574 rapimur
479 505 576 573 viginti
594 511 624 559 et
640 504 726 559 millia
743 507 846 576 rhedis,

107 581 232 635 Mansuri
250 580 379 649 oppidulo
397 580 472 650 quod
488 597 572 635 versu
589 581 681 635 dicere
698 597 752 635 non
770 586 822 650 est,

107 657 197 725 Signis
208 656 343 725 «perfacile
361 659 421 711 estt
440 656 517 711 venit
534 656 666 710 vilissima
682 674 777 711 rerum

107 732 163 787 Hie
179 749 268 802 aqua;
285 731 335 786 sed
352 732 430 800 panis
447 731 528 799 longe
545 732 755 801 pulcherrimus,
771 733 847 788 ultra

108 807 229 862 Callidus
245 811 278 860 ut
295 807 383 861 soleat
400 807 521 860 humeris
537 811 649 874 portare
666 808 772 874 viator;
936 825 962 866 oe

107 883 179 937 Nam
198 883 298 937 Canusi
315 882 461 950 lapidosus,
480 898 568 950 aquae
585 898 640 935 non
658 883 743 938 ditior
760 900 830 938 urna

108 959 161 1023 Qui
178 959 252 1012 loeus
269 975 286 1012 a
303 957 368 1011 forti
386 956 520 1011 Diomede
537 962 582 1012 est
599 958 725 1012 conditus
743 959 815 1013 olim.

107 1034 252 1089 Flentibus
269 1034 332 1087 hine
349 1032 451 1086 Varius
469 1032 586 1086 diseedit
603 1038 725 1088 maestus
742 1035 845 1089 amieis.

107 1109 177 1174 Inde
196 1109 291 1163 Rubos
307 1109 373 1163 fessi
389 1108 571 1176 pervenimus,
588 1113 686 1177 utpote
703 1109 815 1178 longum

107 1184 258 1254 Carpentes
275 1185 329 1238 iter
347 1188 376 1238 et
394 1184 496 1238 laetum
513 1185 670 1252 corruptius
686 1184 776 1239 imbri.
935 1200 960 1241 ss

110 1260 225 1315 Postera
241 1264 399 1328 tempestas⁴
410 1260 514 1326 melior,
532 1260 577 1313 via
594 1260 674 1328 pejor
690 1260 728 1313 ad
744 1277 833 1330 usque

105 1336 171 1389 Bari
188 1337 296 1390 moenia
312 1335 428 1403 piscosi3
446 1334 511 1388 dein
529 1335 631 1390 Gnatia
649 1335 784 1404 Lymphis

106 1411 190 1465 iratis
207 1414 348 1465 exstructa
366 1410 445 1463 dedit
461 1410 588 1479 meusque
600 1409 740 1479 jocosque,
792 1456 800 1472 ,

104 1486 178 1538 Dum
195 1486 304 1538 flamma
321 1485 379 1539 sine
396 1486 478 1539 thura
494 1485 646 1553 liquescere
662 1485 756 1540 limine
779 1503 877 1565 sacro,¹

105 1561 274 1627 Persuadere
291 1562 374 1628 eupit.
410 1561 512 1615 Credat
530 1561 657 1615 iudaeus
677 1562 783 1631 Apella,
924 1578 958 1617 roo

104 1636 130 1689 N
132 1653 167 1689 on
184 1653 252 1705 ego:
275 1652 395 1706 namque
413 1636 480 1690 deos
499 1637 583 1690 didici
601 1653 727 1692 securum
745 1654 828 1705 agere
845 1653 949 1707 aevum,

103 1712 130 1765 N
132 1728 163 1766 ee
179 1712 203 1766 si
221 1712 287 1781 quid
306 1712 367 1765 miri
385 1712 469 1766 faeiat
487 1716 586 1767 natura
603 1713 670 1766 deos
687 1713 718 1767 id

103 1788 208 1842 'l’ristes
225 1805 260 1842 ex
277 1789 333 1843 alto
350 1789 418 1843 caeli
436 1788 584 1844 demittere
601 1793 682 1845 tecto.

102 1864 283 1919 Brundisium
300 1865 396 1934 longae
413 1865 476 1918 finis
492 1864 658 1934 chartaeque
675 1865 791 1935 viaeque
808 1869 859 1921 esu

101 2091 254 2161 Nonquia,
273 2094 426 2161 Maecenas,
444 2092 583 2161 Lydorum
601 2089 737 2160 quidquid
754 2090 884 2144 Etrmeos

101 2166 220 2221 Inuoluit
236 2169 304 2221 fines
320 2184 402 2222 nemo
419 2168 576 2235 generosior
593 2170 636 2220 est
652 2170 690 2234 te,

100 2242 127 2296 N
129 2259 160 2296 eo
178 2243 251 2311 quod
269 2259 335 2295 avus
353 2243 404 2296 tibi
423 2248 563 2296 maternus
581 2242 635 2296 fnit
652 2246 737 2311 atque
753 2244 885 2311 paternus

101 2316 173 2371 Olim
192 2317 239 2385 qui
256 2317 363 2384 magnis
380 2317 532 2385 legionibus
549 2317 747 2385 imperitarent,

100 2389 141 2447 Ut
157 2392 280 2461 plerique
298 2393 392 2458 solent,
409 2409 475 2446 naso
492 2394 635 2462 suspendis
653 2392 758 2446 adunoo
944 2410 956 2448 r

100 2467 220 2535 Ignotos,
238 2472 271 2521 ut
287 2484 331 2520 me
348 2468 476 2523 libertino
493 2472 574 2537 patre
589 2471 693 2521 natum.

100 2542 169 2596 (lum
186 2542 289 2597 referre
306 2560 391 2611 negas
408 2544 482 2613 quali
500 2544 537 2598 sit
555 2543 671 2611 quisque
688 2544 804 2609 parente

100 2618 190 2672 Natus
208 2618 274 2671 dum
292 2620 433 2687 ingennus,
452 2620 601 2689 persuades
618 2618 670 2671 hoe
687 2617 739 2670 tibi
756 2632 829 2682 vere,

100 2696 176 2747 Ante
193 2697 359 2762 potestatem
377 2694 448 2748 Tulli
465 2699 549 2762 atque
566 2693 684 2761 ignobile
701 2709 817 2761 regnum

100 2767 202 2822 Multos
219 2784 303 2838 saepe
320 2770 392 2823 viros
410 2769 492 2822 nullis
508 2768 660 2835 majoribus
680 2771 755 2821 ortos
940 2787 961 2825 ru

99 2842 135 2898 ut
154 2844 254 2898 vixisse
270 2844 371 2914 probos
388 2844 485 2912 amplis
504 2848 533 2897 et
549 2844 698 2896 honoribus
715 2845 827 2906 auctos3

99 2918 199 2973 Oontra
218 2920 374 2989 Laevinum,
393 2919 487 2971 Valeri
506 2936 592 2986 genus
609 2918 682 2971 unde
701 2915 835 2984 superbus

10 3049 12 3054 ‚
99 2990 259 3062 Tarquinius
277 3012 360 3062 regno
378 2994 473 3063 pulsus
490 2994 568 3060 fugit,
587 2993 666 3045 unius
684 2993 752 3044 assis

98 3063 122 3118 N
126 3082 160 3119 on
177 3085 297 3137 unquam
314 3071 405 3137 pretio
423 3068 508 3137 pluris
525 3068 642 3132 licuisse,
661 3070 775 3119 notante
950 3129 955 3138 ι

98 3138 196 3194 dudioe
214 3159 268 3210 quo
285 3144 358 3196 nosti
376 3143 483 3212 populo,
502 3140 549 3208 qui
567 3140 668 3192 stultus
685 3139 802 3192 honores
925 3155 950 3194 15

97 3211 184 3282 Saepe
201 3215 251 3270 dat
267 3217 386 3286 indignis
402 3221 433 3272 et
447 3217 538 3269 famae
555 3214 640 3267 servit
656 3214 773 3282 ineptus,
