2275 3550
135 175 168 219 68
390 174 546 224 HORATII
563 173 693 222 FLACCI

253 254 416 322 Importuna
432 256 527 306 tamen
544 251 690 320 pauperies
706 250 793 315 abest,

253 328 280 381 N
282 345 313 382 ec
329 329 353 381 si
369 327 449 396 plura
465 326 546 381 velim
565 331 598 380 tu
616 326 682 380 dare
700 327 827 395 deneges.

255 403 401 458 Contu-acto
419 402 516 456 molius
533 418 618 471 parva
635 401 764 471 cupidine

291 478 444 545 Vectigalia
460 478 606 545 porrigam,
946 488 974 533 Io

256 554 344 619 Quam
362 553 385 606 si
402 553 557 621 Mygdoniis
574 570 690 621 regnum
709 553 832 621 Alyattei

260 628 369 698 Campis
386 629 548 683 continuem.
584 629 675 683 Multa
691 627 850 698 petentibus

261 704 369 758 Desunt
385 704 485 759 munta:
503 704 574 758 bene
591 708 636 758 est
652 704 696 758 cui
714 704 785 759 dous
802 703 902 758 obtulit

292 780 378 835 Parca
395 780 470 849 quod
487 780 554 834 satis
572 783 616 835 ost
632 796 722 834 manu
749 830 752 837 .

498 922 595 978 XVII.

260 1008 335 1061 Alam
352 1007 461 1060 vetusto
478 1004 578 1059 nobilis
595 1005 632 1060 ab
650 1006 742 1072 Lamo,

259 1082 384 1149 (Quando
402 1084 432 1134 et
448 1080 552 1149 priores
569 1081 634 1135 hinc
651 1081 759 1135 Lamias
776 1081 869 1135 ferunt

294 1156 489 1211 Denominatos
506 1158 536 1211 et
553 1160 684 1224 nepotum

330 1231 385 1287 Per
401 1247 536 1285 memores
553 1249 641 1299 genus
657 1249 739 1287 omno
755 1233 849 1299 fastos,

262 1310 385 1362 Auctore
402 1307 437 1360 ab
455 1306 502 1360 illo
520 1308 598 1361 ducis
615 1309 748 1376 originem
963 1319 978 1360 s

262 1384 316 1448 Qui
334 1382 505 1436 Formiarum
523 1383 630 1436 moenia
647 1383 747 1438 dicitur

297 1458 427 1526 Princeps
444 1460 473 1510 et
489 1457 630 1511 innantem
647 1459 768 1515 Maricae

331 1531 482 1585 Littoribus
499 1532 622 1587 aruisse
640 1533 730 1587 Lirim.

262 1609 333 1662 Late
349 1605 489 1674 tyrannus)
507 1623 568 1660 cras
585 1606 657 1661 foliis
672 1625 769 1666 nemus

263 1682 361 1736 Multis
378 1684 407 1735 et
424 1681 487 1750 alga
503 1681 568 1736 litus
586 1683 677 1737 inutili

298 1757 424 1812 Demissa
440 1759 590 1826 tempestas
607 1757 643 1811 ab
662 1759 736 1813 Furo

331 1833 449 1898 Sternet
467 1848 555 1902 aquae
571 1834 625 1887 nisi
641 1834 712 1890 fallit
729 1852 816 1904 augur

266 1911 377 1964 Aunosa
392 1906 495 1962 cornia
529 1908 605 1962 Dum
621 1910 694 1977 potis
711 1911 819 1965 aridum

263 1985 402 2052 Oompone
418 1982 536 2051 lignum:
553 2000 614 2038 cras
633 1985 751 2039 Genium
768 2002 843 2041 mero

298 2058 414 2114 Curabis
432 2063 461 2112 et
477 2074 559 2126 porco
577 2058 702 2115 bimestri
955 2075 978 2116 ιε
1052 2127 1053 2132 ¹

333 2134 403 2189 Cum
419 2131 529 2187 famulis
546 2150 660 2202 operum
678 2135 782 2192 solutis.

495 2274 610 2329 XVIII.

264 2360 372 2425 Funus,
390 2356 579 2425 Nympharum
596 2356 750 2424 fugientum
768 2367 880 2431 amator,

264 2434 319 2487 Per
335 2448 410 2486 meos
427 2432 496 2486 fines
513 2434 543 2485 et
560 2432 652 2500 aprica
668 2449 737 2498 rura

263 2509 347 2563 Lenis
363 2505 474 2561 incedas
492 2505 630 2576 abeasque
647 2509 739 2577 parvis

299 2584 414 2651 Aequus
431 2581 555 2650 alumnis,

262 2657 293 2712 si
310 2661 390 2711 tener
406 2657 488 2725 pleno
505 2658 580 2714 cadit
597 2658 702 2713 haedus
718 2675 797 2730 anno,
964 2679 979 2722 s

263 2732 353 2800 Larga
370 2747 422 2785 nec
440 2731 542 2787 desunt
560 2734 677 2789 Veneris
694 2734 782 2789 sodali

263 2808 336 2861 Vina
352 2809 482 2863 craterae.
516 2808 607 2864 Vetus
623 2826 672 2864 ara
688 2811 775 2865 multo

298 2884 400 2938 Fumat
416 2883 508 2955 odore,

262 2958 348 3014 Ludit
364 2959 480 3015 herboso
496 2977 581 3031 pecus
597 2978 677 3016 omno
693 2979 796 3034 campo,

262 3036 333 3090 Cum
349 3033 402 3090 tibi
418 3035 515 3091 Nonae
531 3037 652 3092 redeunt
668 3038 850 3107 Decembres3
953 3052 977 3094 1o

263 3111 363 3165 Festus
380 3110 409 3164 in
425 3112 513 3180 pratis
530 3116 610 3169 vacat
627 3113 714 3169 otioso

296 3186 366 3241 Cum
383 3184 453 3241 bove
469 3205 552 3268 pagus
561 3210 570 3256 ;
