<?xml version="1.0" encoding="UTF-8"?>
<!DOCTYPE html PUBLIC "-//W3C//DTD XHTML 1.0 Transitional//EN"
    "http://www.w3.org/TR/xhtml1/DTD/xhtml1-transitional.dtd">
<html xmlns="http://www.w3.org/1999/xhtml" xml:lang="en" lang="en">
 <head>
  <title>
</title>
<meta http-equiv="Content-Type" content="text/html;charset=utf-8" />
  <meta name='ocr-system' content='tesseract 3.04.00' />
  <meta name='ocr-capabilities' content='ocr_page ocr_carea ocr_par ocr_line ocrx_word'/>
</head>
<body>
  <div class='ocr_page' id='page_1' title='image "./quintihoraticfl00maclgoog_0170.png"; bbox 0 0 2275 3550; ppageno 0'>
   <div class='ocr_carea' id='block_1_1' title="bbox 134 186 713 242">
    <p class='ocr_par' dir='ltr' id='par_1_1' title="bbox 134 186 713 242">
     <span class='ocr_line' id='line_1_1' title="bbox 134 186 713 242; baseline -0.009 -1"><span class='ocrx_word' id='word_1_1' title='bbox 134 188 181 242; x_wconf 77' lang='lat'>146</span> <span class='ocrx_word' id='word_1_2' title='bbox 409 186 564 237; x_wconf 82' lang='lat' dir='ltr'><strong>HORATII</strong></span> <span class='ocrx_word' id='word_1_3' title='bbox 581 186 713 236; x_wconf 79' lang='lat' dir='ltr'>FLAOOI</span> 
     </span>
    </p>
   </div>
   <div class='ocr_carea' id='block_1_2' title="bbox 132 264 999 2822">
    <p class='ocr_par' dir='ltr' id='par_1_2' title="bbox 133 264 837 355">
     <span class='ocr_line' id='line_1_2' title="bbox 133 264 837 355; baseline -0.003 -32"><span class='ocrx_word' id='word_1_4' title='bbox 133 264 291 323; x_wconf 89' lang='lat' dir='ltr'>Pectinibus</span> <span class='ocrx_word' id='word_1_5' title='bbox 308 269 357 336; x_wconf 92' lang='lat' dir='ltr'>pat</span> <span class='ocrx_word' id='word_1_6' title='bbox 344 265 410 322; x_wconf 90' lang='lat' dir='ltr'>tulis</span> <span class='ocrx_word' id='word_1_7' title='bbox 423 266 515 355; x_wconf 83' lang='lat' dir='ltr'>jactat</span> <span class='ocrx_word' id='word_1_8' title='bbox 531 284 561 321; x_wconf 88' lang='lat' dir='ltr'>se</span> <span class='ocrx_word' id='word_1_9' title='bbox 578 267 660 321; x_wconf 90' lang='lat' dir='ltr'>molle</span> <span class='ocrx_word' id='word_1_10' title='bbox 678 266 837 321; x_wconf 79' lang='lat' dir='ltr'><strong>Tarentum</strong></span> 
     </span>
    </p>

    <p class='ocr_par' dir='ltr' id='par_1_3' title="bbox 132 333 999 487">
     <span class='ocr_line' id='line_1_3' title="bbox 132 333 999 411; baseline 0.001 -12"><span class='ocrx_word' id='word_1_11' title='bbox 132 342 160 399; x_wconf 85' lang='lat' dir='ltr'>N</span> <span class='ocrx_word' id='word_1_12' title='bbox 161 362 192 399; x_wconf 94' lang='lat' dir='ltr'>ec</span> <span class='ocrx_word' id='word_1_13' title='bbox 209 333 262 397; x_wconf 82' lang='lat' dir='ltr'>sibi</span> <span class='ocrx_word' id='word_1_14' title='bbox 279 359 424 397; x_wconf 87' lang='lat' dir='ltr'>coenarum</span> <span class='ocrx_word' id='word_1_15' title='bbox 442 342 531 411; x_wconf 80' lang='lat' dir='ltr'>quivis</span> <span class='ocrx_word' id='word_1_16' title='bbox 548 346 656 397; x_wconf 90' lang='lat' dir='ltr'>temere</span> <span class='ocrx_word' id='word_1_17' title='bbox 672 342 790 409; x_wconf 78' lang='lat' dir='ltr'>adroget</span> <span class='ocrx_word' id='word_1_18' title='bbox 807 346 905 410; x_wconf 85' lang='lat' dir='ltr'>artem,</span> <span class='ocrx_word' id='word_1_19' title='bbox 970 361 999 400; x_wconf 76' lang='lat' dir='ltr'>ss</span> 
     </span>
     <span class='ocr_line' id='line_1_4' title="bbox 133 419 782 487; baseline -0.003 -14"><span class='ocrx_word' id='word_1_20' title='bbox 133 419 160 474; x_wconf 89' lang='lat' dir='ltr'>N</span> <span class='ocrx_word' id='word_1_21' title='bbox 161 437 196 473; x_wconf 91' lang='lat' dir='ltr'>on</span> <span class='ocrx_word' id='word_1_22' title='bbox 213 420 290 487; x_wconf 89' lang='lat' dir='ltr'>prius</span> <span class='ocrx_word' id='word_1_23' title='bbox 308 422 404 472; x_wconf 85' lang='lat' dir='ltr'>exacta</span> <span class='ocrx_word' id='word_1_24' title='bbox 420 419 499 472; x_wconf 89' lang='lat' dir='ltr'>tenui</span> <span class='ocrx_word' id='word_1_25' title='bbox 519 419 627 472; x_wconf 89' lang='lat' dir='ltr'>ratione</span> <span class='ocrx_word' id='word_1_26' title='bbox 648 434 782 487; x_wconf 88' lang='lat' dir='ltr'>saporum</span> 
     </span>
    </p>

    <p class='ocr_par' dir='ltr' id='par_1_4' title="bbox 133 495 782 563">
     <span class='ocr_line' id='line_1_5' title="bbox 133 495 782 563; baseline -0.008 -12"><span class='ocrx_word' id='word_1_27' title='bbox 133 495 160 551; x_wconf 90' lang='lat' dir='ltr'>N</span> <span class='ocrx_word' id='word_1_28' title='bbox 161 512 192 551; x_wconf 88' lang='lat' dir='ltr'>ec</span> <span class='ocrx_word' id='word_1_29' title='bbox 210 496 277 550; x_wconf 88' lang='lat' dir='ltr'>satis</span> <span class='ocrx_word' id='word_1_30' title='bbox 295 499 339 549; x_wconf 89' lang='lat' dir='ltr'>cst</span> <span class='ocrx_word' id='word_1_31' title='bbox 355 511 419 548; x_wconf 87' lang='lat' dir='ltr'>cara</span> <span class='ocrx_word' id='word_1_32' title='bbox 435 496 524 563; x_wconf 82' lang='lat' dir='ltr'><strong>pisces</strong></span> <span class='ocrx_word' id='word_1_33' title='bbox 541 497 669 548; x_wconf 90' lang='lat' dir='ltr'>avertere</span> <span class='ocrx_word' id='word_1_34' title='bbox 686 510 782 546; x_wconf 88' lang='lat' dir='ltr'>mensa</span> 
     </span>
    </p>

    <p class='ocr_par' dir='ltr' id='par_1_5' title="bbox 132 569 994 867">
     <span class='ocr_line' id='line_1_6' title="bbox 133 569 865 641; baseline -0.003 -16"><span class='ocrx_word' id='word_1_35' title='bbox 133 569 264 641; x_wconf 80' lang='lat' dir='ltr'>Ignarum</span> <span class='ocrx_word' id='word_1_36' title='bbox 282 570 380 640; x_wconf 88' lang='lat' dir='ltr'>quibus</span> <span class='ocrx_word' id='word_1_37' title='bbox 398 570 503 641; x_wconf 72' lang='lat' dir='ltr'>estius</span> <span class='ocrx_word' id='word_1_38' title='bbox 520 570 612 638; x_wconf 91' lang='lat' dir='ltr'>aptius</span> <span class='ocrx_word' id='word_1_39' title='bbox 629 573 660 625; x_wconf 92' lang='lat' dir='ltr'>et</span> <span class='ocrx_word' id='word_1_40' title='bbox 678 569 779 638; x_wconf 89' lang='lat' dir='ltr'>quibus</span> <span class='ocrx_word' id='word_1_41' title='bbox 795 569 865 623; x_wconf 89' lang='lat' dir='ltr'>assis</span> 
     </span>
     <span class='ocr_line' id='line_1_7' title="bbox 132 645 871 715; baseline 0 -15"><span class='ocrx_word' id='word_1_42' title='bbox 132 647 292 715; x_wconf 83' lang='lat' dir='ltr'>Languidus</span> <span class='ocrx_word' id='word_1_43' title='bbox 309 647 338 700; x_wconf 91' lang='lat' dir='ltr'>in</span> <span class='ocrx_word' id='word_1_44' title='bbox 356 646 480 700; x_wconf 89' lang='lat' dir='ltr'>cubitum</span> <span class='ocrx_word' id='word_1_45' title='bbox 493 645 554 714; x_wconf 89' lang='lat' dir='ltr'>jam</span> <span class='ocrx_word' id='word_1_46' title='bbox 572 662 602 699; x_wconf 91' lang='lat' dir='ltr'>se</span> <span class='ocrx_word' id='word_1_47' title='bbox 620 646 733 699; x_wconf 86' lang='lat' dir='ltr'>conviva</span> <span class='ocrx_word' id='word_1_48' title='bbox 750 648 871 713; x_wconf 84' lang='lat' dir='ltr'>reponet</span> 
     </span>
     <span class='ocr_line' id='line_1_8' title="bbox 133 719 994 790; baseline -0.005 -13"><span class='ocrx_word' id='word_1_49' title='bbox 133 719 239 777; x_wconf 83' lang='lat' dir='ltr'><strong>Umber</strong></span> <span class='ocrx_word' id='word_1_50' title='bbox 256 726 286 777; x_wconf 90' lang='lat' dir='ltr'>et</span> <span class='ocrx_word' id='word_1_51' title='bbox 301 722 385 790; x_wconf 82' lang='lat' dir='ltr'>iligna</span> <span class='ocrx_word' id='word_1_52' title='bbox 402 722 523 775; x_wconf 88' lang='lat' dir='ltr'>nutritus</span> <span class='ocrx_word' id='word_1_53' title='bbox 539 721 640 789; x_wconf 81' lang='lat' dir='ltr'>glande</span> <span class='ocrx_word' id='word_1_54' title='bbox 658 719 791 788; x_wconf 81' lang='lat' dir='ltr'>rotundas</span> <span class='ocrx_word' id='word_1_55' title='bbox 966 735 994 773; x_wconf 74' lang='lat' dir='ltr'>so</span> 
     </span>
     <span class='ocr_line' id='line_1_9' title="bbox 133 796 837 867; baseline -0.007 -14"><span class='ocrx_word' id='word_1_56' title='bbox 133 799 237 853; x_wconf 79' lang='lat' dir='ltr'>Currat</span> <span class='ocrx_word' id='word_1_57' title='bbox 254 815 321 867; x_wconf 90' lang='lat' dir='ltr'>aper</span> <span class='ocrx_word' id='word_1_58' title='bbox 337 798 429 852; x_wconf 87' lang='lat' dir='ltr'>lances</span> <span class='ocrx_word' id='word_1_59' title='bbox 448 813 556 852; x_wconf 88' lang='lat' dir='ltr'>carnem</span> <span class='ocrx_word' id='word_1_60' title='bbox 575 796 689 850; x_wconf 87' lang='lat' dir='ltr'>vitantis</span> <span class='ocrx_word' id='word_1_61' title='bbox 705 796 837 860; x_wconf 89' lang='lat' dir='ltr'>inertem;</span> 
     </span>
    </p>

    <p class='ocr_par' dir='ltr' id='par_1_6' title="bbox 132 870 991 1247">
     <span class='ocr_line' id='line_1_10' title="bbox 133 870 942 941; baseline -0.005 -13"><span class='ocrx_word' id='word_1_62' title='bbox 133 875 206 928; x_wconf 88' lang='lat' dir='ltr'>Nam</span> <span class='ocrx_word' id='word_1_63' title='bbox 225 874 347 928; x_wconf 83' lang='lat' dir='ltr'>Laurens</span> <span class='ocrx_word' id='word_1_64' title='bbox 365 874 453 926; x_wconf 90' lang='lat' dir='ltr'>malus</span> <span class='ocrx_word' id='word_1_65' title='bbox 471 877 521 941; x_wconf 92' lang='lat' dir='ltr'>est,</span> <span class='ocrx_word' id='word_1_66' title='bbox 538 872 610 926; x_wconf 86' lang='lat' dir='ltr'>ulvis</span> <span class='ocrx_word' id='word_1_67' title='bbox 627 875 658 926; x_wconf 86' lang='lat' dir='ltr'>et</span> <span class='ocrx_word' id='word_1_68' title='bbox 674 871 810 925; x_wconf 90' lang='lat' dir='ltr'>arundine</span> <span class='ocrx_word' id='word_1_69' title='bbox 825 870 942 941; x_wconf 85' lang='lat' dir='ltr'>pinguis.</span> 
     </span>
     <span class='ocr_line' id='line_1_11' title="bbox 132 947 830 1016; baseline -0.004 -11"><span class='ocrx_word' id='word_1_70' title='bbox 132 951 223 1004; x_wconf 88' lang='lat' dir='ltr'>Vinea</span> <span class='ocrx_word' id='word_1_71' title='bbox 240 949 378 1004; x_wconf 71' lang='lat' dir='ltr'>submittit</span> <span class='ocrx_word' id='word_1_72' title='bbox 396 965 508 1016; x_wconf 85' lang='lat' dir='ltr'>capreas</span> <span class='ocrx_word' id='word_1_73' title='bbox 525 964 581 1001; x_wconf 89' lang='lat' dir='ltr'>uon</span> <span class='ocrx_word' id='word_1_74' title='bbox 599 964 709 1016; x_wconf 83' lang='lat' dir='ltr'>semper</span> <span class='ocrx_word' id='word_1_75' title='bbox 726 947 830 1002; x_wconf 85' lang='lat' dir='ltr'>edules</span> 
     </span>
     <span class='ocr_line' id='line_1_12' title="bbox 133 1023 903 1094; baseline -0.004 -14"><span class='ocrx_word' id='word_1_76' title='bbox 133 1026 280 1081; x_wconf 81' lang='lat' dir='ltr'>Fecundae</span> <span class='ocrx_word' id='word_1_77' title='bbox 297 1026 397 1094; x_wconf 88' lang='lat' dir='ltr'>leporis</span> <span class='ocrx_word' id='word_1_78' title='bbox 415 1025 522 1093; x_wconf 89' lang='lat' dir='ltr'>sapiens</span> <span class='ocrx_word' id='word_1_79' title='bbox 540 1023 693 1078; x_wconf 83' lang='lat' dir='ltr'>sectabitur</span> <span class='ocrx_word' id='word_1_80' title='bbox 709 1041 807 1078; x_wconf 86' lang='lat' dir='ltr'>armos.</span> <span class='ocrx_word' id='word_1_81' title='bbox 897 1025 903 1038; x_wconf 88' lang='lat'>&#39;</span> 
     </span>
     <span class='ocr_line' id='line_1_13' title="bbox 134 1100 991 1170; baseline -0.004 -13"><span class='ocrx_word' id='word_1_82' title='bbox 134 1102 259 1157; x_wconf 81' lang='lat' dir='ltr'>Piscibus</span> <span class='ocrx_word' id='word_1_83' title='bbox 275 1104 360 1170; x_wconf 88' lang='lat' dir='ltr'>atque</span> <span class='ocrx_word' id='word_1_84' title='bbox 378 1100 473 1155; x_wconf 84' lang='lat' dir='ltr'>avibus</span> <span class='ocrx_word' id='word_1_85' title='bbox 491 1118 561 1170; x_wconf 88' lang='lat' dir='ltr'>qnae</span> <span class='ocrx_word' id='word_1_86' title='bbox 578 1104 678 1155; x_wconf 83' lang='lat' dir='ltr'>natma</span> <span class='ocrx_word' id='word_1_87' title='bbox 696 1103 726 1154; x_wconf 89' lang='lat' dir='ltr'>et</span> <span class='ocrx_word' id='word_1_88' title='bbox 741 1100 814 1154; x_wconf 87' lang='lat' dir='ltr'>foret</span> <span class='ocrx_word' id='word_1_89' title='bbox 831 1102 907 1154; x_wconf 84' lang='lat' dir='ltr'>aetas</span> <span class='ocrx_word' id='word_1_90' title='bbox 964 1115 991 1154; x_wconf 75' lang='lat' dir='ltr'>ss</span> 
     </span>
     <span class='ocr_line' id='line_1_14' title="bbox 134 1177 802 1247; baseline -0.001 -16"><span class='ocrx_word' id='word_1_91' title='bbox 134 1179 210 1233; x_wconf 85' lang='lat' dir='ltr'>Ante</span> <span class='ocrx_word' id='word_1_92' title='bbox 226 1195 319 1233; x_wconf 89' lang='lat' dir='ltr'>meum</span> <span class='ocrx_word' id='word_1_93' title='bbox 335 1177 404 1231; x_wconf 86' lang='lat' dir='ltr'>nulli</span> <span class='ocrx_word' id='word_1_94' title='bbox 421 1178 513 1247; x_wconf 88' lang='lat' dir='ltr'>patuit</span> <span class='ocrx_word' id='word_1_95' title='bbox 530 1177 656 1246; x_wconf 89' lang='lat' dir='ltr'>quaesita</span> <span class='ocrx_word' id='word_1_96' title='bbox 672 1177 802 1245; x_wconf 76' lang='lat' dir='ltr'>palatum,</span> 
     </span>
    </p>

    <p class='ocr_par' dir='ltr' id='par_1_7' title="bbox 132 1249 971 1400">
     <span class='ocr_line' id='line_1_15' title="bbox 133 1249 971 1342; baseline -0.004 -33"><span class='ocrx_word' id='word_1_97' title='bbox 133 1255 205 1310; x_wconf 78' lang='lat' dir='ltr'>Sunt</span> <span class='ocrx_word' id='word_1_98' title='bbox 222 1271 337 1325; x_wconf 88' lang='lat' dir='ltr'>quorum</span> <span class='ocrx_word' id='word_1_99' title='bbox 355 1253 494 1342; x_wconf 81' lang='lat' dir='ltr'>ingenium</span> <span class='ocrx_word' id='word_1_100' title='bbox 511 1270 583 1306; x_wconf 87' lang='lat' dir='ltr'>nova</span> <span class='ocrx_word' id='word_1_101' title='bbox 599 1256 707 1306; x_wconf 88' lang='lat' dir='ltr'>tantum</span> <span class='ocrx_word' id='word_1_102' title='bbox 724 1253 846 1306; x_wconf 89' lang='lat' dir='ltr'>crustula</span> <span class='ocrx_word' id='word_1_103' title='bbox 861 1249 971 1320; x_wconf 83' lang='lat' dir='ltr'>promit</span> 
     </span>
     <span class='ocr_line' id='line_1_16' title="bbox 132 1330 865 1400; baseline -0.004 -16"><span class='ocrx_word' id='word_1_104' title='bbox 132 1331 316 1419; x_wconf 79' lang='lat' dir='ltr'>Nequaquam</span> <span class='ocrx_word' id='word_1_105' title='bbox 333 1330 426 1383; x_wconf 88' lang='lat' dir='ltr'>satis</span> <span class='ocrx_word' id='word_1_106' title='bbox 418 1346 447 1382; x_wconf 92' lang='grc' dir='ltr'>ιιι</span> <span class='ocrx_word' id='word_1_107' title='bbox 464 1346 496 1384; x_wconf 91' lang='lat' dir='ltr'>re</span> <span class='ocrx_word' id='word_1_108' title='bbox 513 1345 569 1382; x_wconf 90' lang='lat' dir='ltr'>una</span> <span class='ocrx_word' id='word_1_109' title='bbox 586 1344 746 1382; x_wconf 80' lang='lat' dir='ltr'>consumere</span> <span class='ocrx_word' id='word_1_110' title='bbox 764 1345 865 1395; x_wconf 91' lang='lat' dir='ltr'>curam,</span> 
     </span>
    </p>

    <p class='ocr_par' dir='ltr' id='par_1_8' title="bbox 133 1404 990 1625">
     <span class='ocr_line' id='line_1_17' title="bbox 133 1404 990 1475; baseline -0.004 -14"><span class='ocrx_word' id='word_1_111' title='bbox 133 1406 213 1460; x_wconf 93' lang='lat' dir='ltr'>Ut</span> <span class='ocrx_word' id='word_1_112' title='bbox 191 1424 214 1461; x_wconf 76' lang='grc' dir='ltr'>ιι</span> <span class='ocrx_word' id='word_1_113' title='bbox 232 1406 294 1475; x_wconf 90' lang='lat' dir='ltr'>quis</span> <span class='ocrx_word' id='word_1_114' title='bbox 311 1406 398 1459; x_wconf 90' lang='lat' dir='ltr'>solum</span> <span class='ocrx_word' id='word_1_115' title='bbox 416 1405 467 1459; x_wconf 90' lang='lat' dir='ltr'>hoc</span> <span class='ocrx_word' id='word_1_116' title='bbox 484 1406 556 1459; x_wconf 88' lang='lat' dir='ltr'>mala</span> <span class='ocrx_word' id='word_1_117' title='bbox 573 1422 609 1459; x_wconf 93' lang='lat' dir='ltr'>ne</span> <span class='ocrx_word' id='word_1_118' title='bbox 626 1406 683 1459; x_wconf 91' lang='lat' dir='ltr'>sint</span> <span class='ocrx_word' id='word_1_119' title='bbox 699 1404 764 1459; x_wconf 81' lang='lat' dir='ltr'>vina</span> <span class='ocrx_word' id='word_1_120' title='bbox 779 1404 894 1472; x_wconf 81' lang='lat' dir='ltr'>laboret,</span> <span class='ocrx_word' id='word_1_121' title='bbox 987 1446 990 1449; x_wconf 75' lang='lat'><em>,</em></span> 
     </span>
     <span class='ocr_line' id='line_1_18' title="bbox 134 1481 990 1568; baseline -0.001 -33"><span class='ocrx_word' id='word_1_122' title='bbox 134 1481 215 1545; x_wconf 82' lang='lat' dir='ltr'>Quali</span> <span class='ocrx_word' id='word_1_123' title='bbox 232 1481 380 1550; x_wconf 85' lang='lat' dir='ltr'>perfundat</span> <span class='ocrx_word' id='word_1_124' title='bbox 397 1481 486 1549; x_wconf 86' lang='lat' dir='ltr'>pisces</span> <span class='ocrx_word' id='word_1_125' title='bbox 504 1497 617 1568; x_wconf 64' lang='lat' dir='ltr'>securus</span> <span class='ocrx_word' id='word_1_126' title='bbox 634 1481 713 1535; x_wconf 81' lang='lat' dir='ltr'>olivo.</span> <span class='ocrx_word' id='word_1_127' title='bbox 963 1493 990 1535; x_wconf 78' lang='lat' dir='ltr'>so</span> 
     </span>
     <span class='ocr_line' id='line_1_19' title="bbox 133 1556 733 1644; baseline -0.002 -33"><span class='ocrx_word' id='word_1_128' title='bbox 133 1556 251 1611; x_wconf 87' lang='lat' dir='ltr'>Massica</span> <span class='ocrx_word' id='word_1_129' title='bbox 268 1556 292 1609; x_wconf 90' lang='lat' dir='ltr'>si</span> <span class='ocrx_word' id='word_1_130' title='bbox 309 1556 384 1610; x_wconf 91' lang='lat' dir='ltr'>caelo</span> <span class='ocrx_word' id='word_1_131' title='bbox 402 1572 537 1644; x_wconf 83' lang='lat' dir='ltr'>suppones</span> <span class='ocrx_word' id='word_1_132' title='bbox 555 1556 619 1610; x_wconf 87' lang='lat' dir='ltr'>vina</span> <span class='ocrx_word' id='word_1_133' title='bbox 636 1572 733 1611; x_wconf 90' lang='lat' dir='ltr'>sereno</span> 
     </span>
    </p>

    <p class='ocr_par' dir='ltr' id='par_1_9' title="bbox 134 1630 836 1701">
     <span class='ocr_line' id='line_1_20' title="bbox 134 1630 836 1701; baseline -0.001 -15"><span class='ocrx_word' id='word_1_134' title='bbox 134 1632 277 1686; x_wconf 87' lang='lat' dir='ltr'>Nocturna</span> <span class='ocrx_word' id='word_1_135' title='bbox 294 1630 318 1685; x_wconf 90' lang='lat' dir='ltr'>si</span> <span class='ocrx_word' id='word_1_136' title='bbox 336 1630 405 1699; x_wconf 90' lang='lat' dir='ltr'>quid</span> <span class='ocrx_word' id='word_1_137' title='bbox 421 1632 506 1684; x_wconf 86' lang='lat' dir='ltr'>crassi</span> <span class='ocrx_word' id='word_1_138' title='bbox 523 1635 567 1685; x_wconf 90' lang='lat' dir='ltr'>est</span> <span class='ocrx_word' id='word_1_139' title='bbox 584 1632 745 1686; x_wconf 87' lang='lat' dir='ltr'>tenuabitur</span> <span class='ocrx_word' id='word_1_140' title='bbox 761 1648 836 1701; x_wconf 85' lang='lat' dir='ltr'>aura,</span> 
     </span>
    </p>

    <p class='ocr_par' dir='ltr' id='par_1_10' title="bbox 135 1706 789 1775">
     <span class='ocr_line' id='line_1_21' title="bbox 135 1706 789 1775; baseline 0 -13"><span class='ocrx_word' id='word_1_141' title='bbox 135 1707 173 1762; x_wconf 81' lang='lat' dir='ltr'>Et</span> <span class='ocrx_word' id='word_1_142' title='bbox 189 1707 306 1762; x_wconf 90' lang='lat' dir='ltr'>decedet</span> <span class='ocrx_word' id='word_1_143' title='bbox 322 1706 390 1760; x_wconf 91' lang='lat' dir='ltr'>odor</span> <span class='ocrx_word' id='word_1_144' title='bbox 407 1707 497 1761; x_wconf 89' lang='lat' dir='ltr'>nervis</span> <span class='ocrx_word' id='word_1_145' title='bbox 514 1707 655 1773; x_wconf 64' lang='lat' dir='ltr'>inimicum</span> <span class='ocrx_word' id='word_1_146' title='bbox 672 1707 768 1762; x_wconf 82' lang='lat' dir='ltr'>stilla</span> <span class='ocrx_word' id='word_1_147' title='bbox 785 1766 789 1775; x_wconf 86' lang='lat'>.</span> 
     </span>
    </p>

    <p class='ocr_par' dir='ltr' id='par_1_11' title="bbox 136 1783 765 1854">
     <span class='ocr_line' id='line_1_22' title="bbox 136 1783 765 1854; baseline 0.002 -15"><span class='ocrx_word' id='word_1_148' title='bbox 136 1784 282 1854; x_wconf 79' lang='lat' dir='ltr'>integrum</span> <span class='ocrx_word' id='word_1_149' title='bbox 299 1783 421 1854; x_wconf 87' lang='lat' dir='ltr'>perdunt</span> <span class='ocrx_word' id='word_1_150' title='bbox 437 1784 494 1838; x_wconf 89' lang='lat' dir='ltr'>lino</span> <span class='ocrx_word' id='word_1_151' title='bbox 511 1784 610 1839; x_wconf 86' lang='lat' dir='ltr'>vitiata</span> <span class='ocrx_word' id='word_1_152' title='bbox 627 1801 765 1853; x_wconf 45' lang='lat' dir='ltr'>saporem.x</span> 
     </span>
    </p>

    <p class='ocr_par' dir='ltr' id='par_1_12' title="bbox 136 1860 990 2005">
     <span class='ocr_line' id='line_1_23' title="bbox 136 1860 990 1930; baseline -0.005 -14"><span class='ocrx_word' id='word_1_153' title='bbox 136 1861 300 1916; x_wconf 79' lang='lat' dir='ltr'>Surrentina</span> <span class='ocrx_word' id='word_1_154' title='bbox 316 1860 392 1915; x_wconf 85' lang='lat' dir='ltr'>vafer</span> <span class='ocrx_word' id='word_1_155' title='bbox 410 1860 458 1930; x_wconf 89' lang='lat' dir='ltr'>qui</span> <span class='ocrx_word' id='word_1_156' title='bbox 475 1860 573 1915; x_wconf 88' lang='lat' dir='ltr'>miscet</span> <span class='ocrx_word' id='word_1_157' title='bbox 589 1861 666 1915; x_wconf 86' lang='lat' dir='ltr'>faece</span> <span class='ocrx_word' id='word_1_158' title='bbox 685 1860 802 1914; x_wconf 84' lang='lat' dir='ltr'>Falerna</span> <span class='ocrx_word' id='word_1_159' title='bbox 964 1872 990 1912; x_wconf 75' lang='lat' dir='ltr'>ts</span> 
     </span>
     <span class='ocr_line' id='line_1_24' title="bbox 136 1935 779 2005; baseline -0.005 -14"><span class='ocrx_word' id='word_1_160' title='bbox 136 1938 210 1991; x_wconf 87' lang='lat' dir='ltr'>Vina</span> <span class='ocrx_word' id='word_1_161' title='bbox 227 1935 379 1991; x_wconf 89' lang='lat' dir='ltr'>columbino</span> <span class='ocrx_word' id='word_1_162' title='bbox 397 1936 493 1991; x_wconf 91' lang='lat' dir='ltr'>limum</span> <span class='ocrx_word' id='word_1_163' title='bbox 510 1937 582 1991; x_wconf 90' lang='lat' dir='ltr'>bene</span> <span class='ocrx_word' id='word_1_164' title='bbox 599 1936 704 2005; x_wconf 77' lang='lat' dir='ltr'>colligit</span> <span class='ocrx_word' id='word_1_165' title='bbox 721 1952 779 2005; x_wconf 85' lang='lat' dir='ltr'>ovo,</span> 
     </span>
    </p>

    <p class='ocr_par' dir='ltr' id='par_1_13' title="bbox 138 2011 809 2080">
     <span class='ocr_line' id='line_1_25' title="bbox 138 2011 809 2080; baseline -0.006 -12"><span class='ocrx_word' id='word_1_166' title='bbox 138 2012 278 2078; x_wconf 84' lang='lat' dir='ltr'>Quatenus</span> <span class='ocrx_word' id='word_1_167' title='bbox 295 2012 351 2066; x_wconf 90' lang='lat' dir='ltr'>ima</span> <span class='ocrx_word' id='word_1_168' title='bbox 367 2013 440 2080; x_wconf 88' lang='lat' dir='ltr'>petit</span> <span class='ocrx_word' id='word_1_169' title='bbox 456 2013 567 2067; x_wconf 85' lang='lat' dir='ltr'>volvens</span> <span class='ocrx_word' id='word_1_170' title='bbox 585 2012 674 2066; x_wconf 89' lang='lat' dir='ltr'>aliena</span> <span class='ocrx_word' id='word_1_171' title='bbox 690 2011 809 2065; x_wconf 82' lang='lat' dir='ltr'>vitellus.</span> 
     </span>
    </p>

    <p class='ocr_par' dir='ltr' id='par_1_14' title="bbox 137 2087 823 2157">
     <span class='ocr_line' id='line_1_26' title="bbox 137 2087 823 2157; baseline -0.004 -14"><span class='ocrx_word' id='word_1_172' title='bbox 137 2089 227 2143; x_wconf 79' lang='lat' dir='ltr'>&#39;lestis</span> <span class='ocrx_word' id='word_1_173' title='bbox 244 2091 411 2142; x_wconf 88' lang='lat' dir='ltr'>marcentem</span> <span class='ocrx_word' id='word_1_174' title='bbox 429 2088 535 2157; x_wconf 87' lang='lat' dir='ltr'>squillis</span> <span class='ocrx_word' id='word_1_175' title='bbox 552 2087 688 2143; x_wconf 87' lang='lat' dir='ltr'>recreabis</span> <span class='ocrx_word' id='word_1_176' title='bbox 706 2090 736 2142; x_wconf 90' lang='lat' dir='ltr'>et</span> <span class='ocrx_word' id='word_1_177' title='bbox 753 2087 823 2140; x_wconf 87' lang='lat' dir='ltr'>Afra</span> 
     </span>
    </p>

    <p class='ocr_par' dir='ltr' id='par_1_15' title="bbox 138 2162 811 2227">
     <span class='ocr_line' id='line_1_27' title="bbox 138 2162 811 2227; baseline -0.004 -9"><span class='ocrx_word' id='word_1_178' title='bbox 138 2165 267 2218; x_wconf 83' lang='lat' dir='ltr'>Peterem</span> <span class='ocrx_word' id='word_1_179' title='bbox 285 2162 409 2227; x_wconf 82' lang='lat' dir='ltr'>cochlea3</span> <span class='ocrx_word' id='word_1_180' title='bbox 425 2180 489 2217; x_wconf 88' lang='lat' dir='ltr'>nam</span> <span class='ocrx_word' id='word_1_181' title='bbox 506 2164 614 2217; x_wconf 89' lang='lat' dir='ltr'>lactuca</span> <span class='ocrx_word' id='word_1_182' title='bbox 629 2165 737 2216; x_wconf 89' lang='lat' dir='ltr'>innatat</span> <span class='ocrx_word' id='word_1_183' title='bbox 754 2162 811 2216; x_wconf 89' lang='lat' dir='ltr'>acri</span> 
     </span>
    </p>

    <p class='ocr_par' dir='ltr' id='par_1_16' title="bbox 138 2235 990 2457">
     <span class='ocr_line' id='line_1_28' title="bbox 138 2235 990 2305; baseline -0.002 -13"><span class='ocrx_word' id='word_1_184' title='bbox 138 2239 206 2293; x_wconf 88' lang='lat' dir='ltr'>Post</span> <span class='ocrx_word' id='word_1_185' title='bbox 223 2239 315 2291; x_wconf 90' lang='lat' dir='ltr'>vinum</span> <span class='ocrx_word' id='word_1_186' title='bbox 333 2237 487 2301; x_wconf 84' lang='lat' dir='ltr'>stomach03</span> <span class='ocrx_word' id='word_1_187' title='bbox 503 2253 591 2305; x_wconf 89' lang='lat' dir='ltr'>perna</span> <span class='ocrx_word' id='word_1_188' title='bbox 607 2238 693 2303; x_wconf 82' lang='lat' dir='ltr'>magis</span> <span class='ocrx_word' id='word_1_189' title='bbox 710 2253 742 2288; x_wconf 91' lang='lat' dir='ltr'>ac</span> <span class='ocrx_word' id='word_1_190' title='bbox 759 2236 848 2303; x_wconf 75' lang='lat' dir='ltr'>magis</span> <span class='ocrx_word' id='word_1_191' title='bbox 865 2235 939 2289; x_wconf 90' lang='lat' dir='ltr'>hillis</span> <span class='ocrx_word' id='word_1_192' title='bbox 967 2251 990 2290; x_wconf 81' lang='lat' dir='ltr'>to</span> 
     </span>
     <span class='ocr_line' id='line_1_29' title="bbox 138 2278 818 2381; baseline -0.009 -13"><span class='ocrx_word' id='word_1_193' title='bbox 138 2311 284 2381; x_wconf 82' lang='lat' dir='ltr'>Flagitat</span> <span class='ocrx_word' id='word_1_194' title='bbox 276 2326 421 2364; x_wconf 81' lang='lat' dir='ltr'>immersus</span> <span class='ocrx_word' id='word_1_195' title='bbox 438 2278 528 2375; x_wconf 55' lang='lat' dir='ltr'>refi’ci;</span> <span class='ocrx_word' id='word_1_196' title='bbox 547 2311 613 2379; x_wconf 90' lang='lat' dir='ltr'>quin</span> <span class='ocrx_word' id='word_1_197' title='bbox 630 2310 722 2363; x_wconf 88' lang='lat' dir='ltr'>omnia</span> <span class='ocrx_word' id='word_1_198' title='bbox 738 2310 818 2362; x_wconf 90' lang='lat' dir='ltr'>malit</span> 
     </span>
     <span class='ocr_line' id='line_1_30' title="bbox 139 2384 846 2457; baseline -0.006 -14"><span class='ocrx_word' id='word_1_199' title='bbox 139 2388 322 2457; x_wconf 77' lang='lat' dir='ltr'>Quaecunque</span> <span class='ocrx_word' id='word_1_200' title='bbox 338 2386 487 2439; x_wconf 88' lang='lat' dir='ltr'>immundis</span> <span class='ocrx_word' id='word_1_201' title='bbox 504 2387 614 2440; x_wconf 84' lang='lat' dir='ltr'>fervent</span> <span class='ocrx_word' id='word_1_202' title='bbox 629 2384 713 2439; x_wconf 85' lang='lat' dir='ltr'>allata</span> <span class='ocrx_word' id='word_1_203' title='bbox 729 2384 846 2454; x_wconf 87' lang='lat' dir='ltr'>popinis.</span> 
     </span>
    </p>

    <p class='ocr_par' dir='ltr' id='par_1_17' title="bbox 139 2460 846 2607">
     <span class='ocr_line' id='line_1_31' title="bbox 139 2460 846 2534; baseline -0.01 -14"><span class='ocrx_word' id='word_1_204' title='bbox 139 2466 191 2521; x_wconf 83' lang='lat' dir='ltr'>Est</span> <span class='ocrx_word' id='word_1_205' title='bbox 207 2479 307 2534; x_wconf 83' lang='lat' dir='ltr'>operae</span> <span class='ocrx_word' id='word_1_206' title='bbox 324 2462 445 2532; x_wconf 88' lang='lat' dir='ltr'>pretium</span> <span class='ocrx_word' id='word_1_207' title='bbox 463 2462 579 2530; x_wconf 85' lang='lat' dir='ltr'>duplicis</span> <span class='ocrx_word' id='word_1_208' title='bbox 596 2477 759 2530; x_wconf 87' lang='lat' dir='ltr'>pernoscere</span> <span class='ocrx_word' id='word_1_209' title='bbox 772 2460 846 2529; x_wconf 90' lang='lat' dir='ltr'>juris</span> 
     </span>
     <span class='ocr_line' id='line_1_32' title="bbox 139 2538 783 2607; baseline -0.008 -11"><span class='ocrx_word' id='word_1_210' title='bbox 139 2542 281 2596; x_wconf 85' lang='lat' dir='ltr'>Naturam.</span> <span class='ocrx_word' id='word_1_211' title='bbox 317 2538 439 2607; x_wconf 79' lang='lat' dir='ltr'>Simplex</span> <span class='ocrx_word' id='word_1_212' title='bbox 456 2555 473 2592; x_wconf 92' lang='lat' dir='ltr'>e</span> <span class='ocrx_word' id='word_1_213' title='bbox 490 2538 564 2592; x_wconf 88' lang='lat' dir='ltr'>dulci</span> <span class='ocrx_word' id='word_1_214' title='bbox 581 2540 689 2592; x_wconf 86' lang='lat' dir='ltr'>constat</span> <span class='ocrx_word' id='word_1_215' title='bbox 705 2538 783 2604; x_wconf 84' lang='lat' dir='ltr'>olivo,</span> 
     </span>
    </p>

    <p class='ocr_par' dir='ltr' id='par_1_18' title="bbox 138 2612 988 2760">
     <span class='ocr_line' id='line_1_33' title="bbox 140 2612 988 2684; baseline -0.006 -14"><span class='ocrx_word' id='word_1_216' title='bbox 140 2616 221 2681; x_wconf 83' lang='lat' dir='ltr'>Quod</span> <span class='ocrx_word' id='word_1_217' title='bbox 237 2614 332 2684; x_wconf 86' lang='lat' dir='ltr'>pingui</span> <span class='ocrx_word' id='word_1_218' title='bbox 349 2614 465 2669; x_wconf 86' lang='lat' dir='ltr'>miscere</span> <span class='ocrx_word' id='word_1_219' title='bbox 481 2630 557 2668; x_wconf 91' lang='lat' dir='ltr'>mero</span> <span class='ocrx_word' id='word_1_220' title='bbox 575 2614 719 2681; x_wconf 89' lang='lat' dir='ltr'>muriaque</span> <span class='ocrx_word' id='word_1_221' title='bbox 737 2612 854 2682; x_wconf 80' lang='lat' dir='ltr'>decebit,</span> <span class='ocrx_word' id='word_1_222' title='bbox 965 2642 988 2681; x_wconf 70' lang='lat'>55</span> 
     </span>
     <span class='ocr_line' id='line_1_34' title="bbox 138 2690 792 2760; baseline -0.005 -14"><span class='ocrx_word' id='word_1_223' title='bbox 138 2693 166 2746; x_wconf 88' lang='lat' dir='ltr'>N</span> <span class='ocrx_word' id='word_1_224' title='bbox 168 2709 203 2745; x_wconf 90' lang='lat' dir='ltr'>on</span> <span class='ocrx_word' id='word_1_225' title='bbox 220 2691 273 2744; x_wconf 91' lang='lat' dir='ltr'>alia</span> <span class='ocrx_word' id='word_1_226' title='bbox 290 2706 373 2759; x_wconf 89' lang='lat' dir='ltr'>quam</span> <span class='ocrx_word' id='word_1_227' title='bbox 390 2706 446 2759; x_wconf 91' lang='lat' dir='ltr'>qua</span> <span class='ocrx_word' id='word_1_228' title='bbox 463 2690 595 2760; x_wconf 79' lang='lat' dir='ltr'>Byzantia</span> <span class='ocrx_word' id='word_1_229' title='bbox 610 2690 705 2759; x_wconf 90' lang='lat' dir='ltr'>putuit</span> <span class='ocrx_word' id='word_1_230' title='bbox 721 2706 792 2743; x_wconf 90' lang='lat' dir='ltr'>orca.</span> 
     </span>
    </p>

    <p class='ocr_par' dir='ltr' id='par_1_19' title="bbox 140 2765 787 2822">
     <span class='ocr_line' id='line_1_35' title="bbox 140 2765 787 2822; baseline -0.006 0"><span class='ocrx_word' id='word_1_231' title='bbox 140 2768 203 2822; x_wconf 90' lang='lat' dir='ltr'>Hoc</span> <span class='ocrx_word' id='word_1_232' title='bbox 218 2766 267 2820; x_wconf 90' lang='lat' dir='ltr'>ubi</span> <span class='ocrx_word' id='word_1_233' title='bbox 284 2765 425 2820; x_wconf 86' lang='lat' dir='ltr'>confusum</span> <span class='ocrx_word' id='word_1_234' title='bbox 443 2767 525 2820; x_wconf 88' lang='lat' dir='ltr'>sectis</span> <span class='ocrx_word' id='word_1_235' title='bbox 542 2766 676 2821; x_wconf 90' lang='lat' dir='ltr'>inferbuit</span> <span class='ocrx_word' id='word_1_236' title='bbox 693 2765 787 2820; x_wconf 90' lang='lat' dir='ltr'>herbis</span> 
     </span>
    </p>
   </div>
   <div class='ocr_carea' id='block_1_3' title="bbox 140 2840 992 3298">
    <p class='ocr_par' dir='ltr' id='par_1_20' title="bbox 140 2840 884 2988">
     <span class='ocr_line' id='line_1_36' title="bbox 140 2840 884 2914; baseline -0.007 -15"><span class='ocrx_word' id='word_1_237' title='bbox 140 2844 307 2914; x_wconf 78' lang='lat' dir='ltr'>Corycioque</span> <span class='ocrx_word' id='word_1_238' title='bbox 324 2858 403 2897; x_wconf 89' lang='lat' dir='ltr'>croco</span> <span class='ocrx_word' id='word_1_239' title='bbox 421 2859 546 2912; x_wconf 88' lang='lat' dir='ltr'>sparsum</span> <span class='ocrx_word' id='word_1_240' title='bbox 563 2843 651 2912; x_wconf 86' lang='lat' dir='ltr'>stetit,</span> <span class='ocrx_word' id='word_1_241' title='bbox 667 2843 780 2911; x_wconf 91' lang='lat' dir='ltr'>insuper</span> <span class='ocrx_word' id='word_1_242' title='bbox 797 2840 884 2895; x_wconf 87' lang='lat' dir='ltr'>addes</span> 
     </span>
     <span class='ocr_line' id='line_1_37' title="bbox 140 2917 860 2988; baseline -0.003 -14"><span class='ocrx_word' id='word_1_243' title='bbox 140 2921 240 2975; x_wconf 88' lang='lat' dir='ltr'>Pressa</span> <span class='ocrx_word' id='word_1_244' title='bbox 256 2918 430 2974; x_wconf 74' lang='lat' dir='ltr'>Venafranae</span> <span class='ocrx_word' id='word_1_245' title='bbox 448 2919 522 2988; x_wconf 89' lang='lat' dir='ltr'>quod</span> <span class='ocrx_word' id='word_1_246' title='bbox 540 2919 625 2974; x_wconf 85' lang='lat' dir='ltr'>bacca</span> <span class='ocrx_word' id='word_1_247' title='bbox 641 2919 749 2973; x_wconf 87' lang='lat' dir='ltr'>remisit</span> <span class='ocrx_word' id='word_1_248' title='bbox 766 2917 860 2972; x_wconf 84' lang='lat' dir='ltr'>olivae.</span> 
     </span>
    </p>

    <p class='ocr_par' dir='ltr' id='par_1_21' title="bbox 140 2992 992 3200">
     <span class='ocr_line' id='line_1_38' title="bbox 140 2992 992 3063; baseline -0.002 -14"><span class='ocrx_word' id='word_1_249' title='bbox 140 2995 247 3050; x_wconf 89' lang='lat' dir='ltr'>Picenis</span> <span class='ocrx_word' id='word_1_250' title='bbox 265 2992 368 3049; x_wconf 83' lang='lat' dir='ltr'>cedunt</span> <span class='ocrx_word' id='word_1_251' title='bbox 384 2995 473 3063; x_wconf 89' lang='lat' dir='ltr'>pomis</span> <span class='ocrx_word' id='word_1_252' title='bbox 492 2994 619 3049; x_wconf 76' lang='lat' dir='ltr'>Tiburtia</span> <span class='ocrx_word' id='word_1_253' title='bbox 636 3011 730 3060; x_wconf 83' lang='lat' dir='ltr'>succo3</span> <span class='ocrx_word' id='word_1_254' title='bbox 970 3006 992 3048; x_wconf 75' lang='lat' dir='ltr'>ro</span> 
     </span>
     <span class='ocr_line' id='line_1_39' title="bbox 140 3068 883 3139; baseline -0.003 -16"><span class='ocrx_word' id='word_1_255' title='bbox 140 3069 212 3125; x_wconf 86' lang='lat' dir='ltr'>Nam</span> <span class='ocrx_word' id='word_1_256' title='bbox 229 3070 299 3124; x_wconf 87' lang='lat' dir='ltr'>facie</span> <span class='ocrx_word' id='word_1_257' title='bbox 316 3074 466 3139; x_wconf 87' lang='lat' dir='ltr'>praestant.</span> <span class='ocrx_word' id='word_1_258' title='bbox 502 3070 645 3125; x_wconf 88' lang='lat' dir='ltr'>Venucula</span> <span class='ocrx_word' id='word_1_259' title='bbox 662 3070 791 3124; x_wconf 87' lang='lat' dir='ltr'>convenit</span> <span class='ocrx_word' id='word_1_260' title='bbox 807 3068 883 3133; x_wconf 82' lang='lat' dir='ltr'>ollis3</span> 
     </span>
     <span class='ocr_line' id='line_1_40' title="bbox 140 3143 771 3200; baseline 0.002 -3"><span class='ocrx_word' id='word_1_261' title='bbox 140 3143 256 3198; x_wconf 87' lang='lat' dir='ltr'>Rectius</span> <span class='ocrx_word' id='word_1_262' title='bbox 274 3145 412 3200; x_wconf 86' lang='lat' dir='ltr'>Albanam</span> <span class='ocrx_word' id='word_1_263' title='bbox 429 3147 505 3200; x_wconf 88' lang='lat' dir='ltr'>fumo</span> <span class='ocrx_word' id='word_1_264' title='bbox 523 3146 666 3200; x_wconf 85' lang='lat' dir='ltr'>duraveris</span> <span class='ocrx_word' id='word_1_265' title='bbox 683 3162 771 3200; x_wconf 86' lang='lat' dir='ltr'>uvam.</span> 
     </span>
    </p>

    <p class='ocr_par' dir='ltr' id='par_1_22' title="bbox 140 3216 926 3298">
     <span class='ocr_line' id='line_1_41' title="bbox 140 3216 926 3298; baseline -0.003 -27"><span class='ocrx_word' id='word_1_266' title='bbox 140 3216 223 3272; x_wconf 90' lang='lat' dir='ltr'>Hanc</span> <span class='ocrx_word' id='word_1_267' title='bbox 240 3236 291 3287; x_wconf 84' lang='lat' dir='ltr'>ego</span> <span class='ocrx_word' id='word_1_268' title='bbox 308 3237 371 3275; x_wconf 90' lang='lat' dir='ltr'>cum</span> <span class='ocrx_word' id='word_1_269' title='bbox 389 3223 474 3298; x_wconf 77' lang='lat' dir='ltr'>malis,</span> <span class='ocrx_word' id='word_1_270' title='bbox 490 3238 541 3290; x_wconf 86' lang='lat' dir='ltr'>ego</span> <span class='ocrx_word' id='word_1_271' title='bbox 559 3222 664 3276; x_wconf 84' lang='lat' dir='ltr'>faecem</span> <span class='ocrx_word' id='word_1_272' title='bbox 682 3222 786 3289; x_wconf 89' lang='lat' dir='ltr'>primus</span> <span class='ocrx_word' id='word_1_273' title='bbox 804 3221 833 3273; x_wconf 88' lang='lat' dir='ltr'>et</span> <span class='ocrx_word' id='word_1_274' title='bbox 850 3217 926 3285; x_wconf 85' lang='lat' dir='ltr'>allec,</span> 
     </span>
    </p>
   </div>
   <div class='ocr_carea' id='block_1_4' title="bbox 0 0 1149 3550">
    <p class='ocr_par' dir='ltr' id='par_1_23' title="bbox 0 0 1149 3550">
     <span class='ocr_line' id='line_1_42' title="bbox 0 0 1149 3550; baseline 0 0"><span class='ocrx_word' id='word_1_275' title='bbox 0 0 1149 3550; x_wconf 95' lang='lat' dir='ltr'> </span> 
     </span>
    </p>
   </div>
  </div>
 </body>
</html>
