2275 3550
402 205 608 273 amauricum
625 208 648 257 1.
667 210 707 268 25,
726 211 764 257 ae.
981 211 1011 263 u

295 284 336 338 'lu
351 289 455 340 lnrstra
471 286 534 354 pius
551 286 607 341 heu
623 304 678 342 non
694 288 735 343 ita
751 287 888 344 creditum

329 360 422 414 Poscis
440 361 617 426 Quinctilium
636 363 710 418 deos.

295 436 398 500 Quodsi
415 437 541 491 Threicio
558 436 686 493 blandius
704 439 814 507 Orpheo

294 513 428 567 Auditum
445 514 591 569 moderere
609 515 752 569 arboribus
769 514 863 583 fidem,

295 588 322 643 N
323 606 359 642 on
376 606 462 644 vanae
480 591 579 645 redeat
596 592 705 660 sanguis
722 590 842 660 imagini,
989 608 1013 645 re

329 665 416 730 Quam
433 667 511 735 virga
529 667 614 721 semel
631 668 744 721 horrida

294 739 321 794 N
323 757 356 794 on
375 741 444 797 lenis
460 743 587 810 precibus
604 743 662 796 lata
679 742 822 797 recludere

294 817 380 885 Nigro
397 818 566 887 compulerit
577 818 730 873 Mercurius
748 817 832 888 gregi

294 892 415 948 Durum:
432 895 482 948 sed
498 894 585 949 levius
603 896 636 950 fit
651 895 785 964 patientia

329 968 470 1039 Quidquid
487 971 623 1040 corrigere
640 975 685 1026 est
701 972 784 1026 nefas
986 987 1010 1025 ao

478 1109 480 1113 ’
538 1111 629 1166 XXV.

295 1191 418 1247 Pacorus
429 1191 540 1260 junctas
557 1195 686 1263 quatiunt
702 1194 838 1250 fenestras

295 1267 401 1321 Ictibus
419 1267 522 1321 crebris
536 1268 654 1335 juvenes
671 1271 800 1337 protervi,

294 1342 355 1396 Nec
371 1343 423 1396 tibi
441 1359 549 1396 somnos
566 1345 700 1414 adimunt,
717 1350 846 1415 amatque

361 1419 452 1472 Janua
468 1418 559 1486 limen,

293 1494 370 1558 Quae
386 1494 464 1564 prius
480 1495 597 1550 multum
615 1496 701 1550 lacilis
718 1496 847 1552 movebat
990 1509 1004 1547 5
1077 1508 1080 1512 ·

293 1570 443 1637 Oardiues3
461 1571 540 1625 audis
556 1572 646 1625 minus
664 1577 694 1626 et
711 1573 801 1627 minus
813 1573 887 1641 jam:

292 1646 362 1701 “Me
378 1650 427 1701 tuo
444 1647 539 1715 longas
555 1652 690 1717 pereunte
707 1653 809 1715 noctes,

361 1722 455 1792 livdie,
472 1723 615 1779 dormisl''

293 1796 413 1851 Invicem
431 1798 558 1852 moecho'e
575 1816 644 1852 anus
661 1803 820 1868 arrogantes

291 1869 385 1926 Flebis
402 1873 430 1925 iu
449 1874 506 1926 solo
522 1873 591 1928 levis
608 1875 761 1942 angiportu,

292 1947 406 2001 Thracio
422 1947 573 2001 bacchante
590 1949 678 2016 magis
694 1948 745 2002 sub
762 1950 843 2003 inter·

359 2021 435 2075 lunia
451 2026 540 2090 vento,

292 2095 362 2150 (lum
378 2097 430 2150 tibi
447 2096 564 2165 flagrum
581 2114 658 2151 amor
674 2102 704 2153 et
720 2098 806 2153 libido

293 2171 369 2236 Quae
386 2172 456 2226 solet
472 2176 576 2227 matres
592 2173 694 2228 furiare
712 2191 842 2244 equorum

293 2247 402 2302 Saeviet
419 2249 491 2303 circa
504 2248 586 2317 jecur
601 2250 763 2319 ulcerosum,
806 2287 811 2294 -
981 2278 1006 2318 15

359 2324 385 2377 N
387 2342 422 2378 on
439 2325 498 2379 sine
515 2329 615 2393 questu

290 2400 377 2455 Laeta
394 2402 468 2470 quod
485 2401 574 2471 pubes
589 2401 693 2456 hedera
709 2403 816 2459 virente

290 2476 417 2531 Gaudeat
432 2477 508 2545 pulla
524 2478 611 2546 magis
627 2481 712 2547 atque
728 2482 824 2549 myrto,

290 2552 393 2607 Aridus
409 2553 520 2624 frondes
536 2553 636 2608 hiemis
652 2554 739 2609 sodali

358 2628 476 2684 Dedicet
494 2629 598 2685 Hebro.

525 2772 633 2830 XXVI.

289 2854 377 2922 Mune
394 2856 497 2912 amicus
513 2857 655 2912 tristitiam
672 2862 703 2912 et
718 2860 809 2913 metus

289 2930 407 2986 'ibadam
424 2933 559 3002 protervis
576 2934 605 2986 in
622 2950 699 2988 mare
717 2934 855 2988 Oreticum

323 3007 438 3064 Portare
455 3009 553 3078 ventis,
571 3010 632 3079 quis
649 3010 700 3063 snb
718 3010 806 3064 Arcto

357 3084 419 3137 Rex
434 3084 543 3152 gelidae
560 3089 701 3139 metuatur
717 3100 789 3151 orae,

288 3156 362 3221 Quid
379 3159 520 3214 Tiridaten
536 3163 643 3214 terreat
658 3160 739 3213 unice
989 3173 1002 3209 ⁶

288 3232 413 3288 Securus.
447 3234 479 3303 0,
497 3252 568 3304 quae
584 3235 707 3291 fontibus
722 3236 837 3303 integris
