2275 3550
440 190 644 242 oARnssNUM
659 190 681 235 l.
703 191 740 234 12.

272 278 361 342 Quem
378 275 480 328 deum?
517 269 603 339 Cujus
620 267 725 321 recinet
737 263 832 333 jocosa

306 352 413 405 Nomen
431 350 520 415 imago

273 428 332 483 Aut
348 426 377 478 in
394 422 530 477 umbrosis
548 417 689 475 Heliconis
706 415 761 470 oris

272 505 332 557 Aut
350 516 433 569 super
451 497 547 564 Pindo,
565 494 690 564 gelidove
707 493 736 545 in
755 490 862 544 Haemo

272 573 356 634 Unde
373 574 492 628 vocalem
509 576 615 626 temere
632 569 771 623 insecutae

307 650 419 720 Orphea
436 650 521 703 silvae

275 729 346 783 Arte
362 729 487 782 materna
503 721 615 792 rapidos
632 721 783 772 morantem

274 802 431 857 Fluminum
448 801 541 869 lapsus
558 797 717 863 celeresque
734 795 838 856 ventos,
880 832 884 838 .

275 877 411 934 Blandum
428 879 458 930 et
475 875 579 928 crinitas
596 871 698 925 fidibus
715 868 819 923 canoris

310 954 418 1006 Ducere
437 950 572 1020 quercus?

250 1032 258 1045 ‘
276 1028 350 1093 Quid
366 1028 443 1097 prius
460 1026 549 1080 dicam
567 1022 655 1076 solitis
671 1019 793 1089 parentis

276 1103 424 1170 Laudibus,
442 1102 489 1171 qui
507 1116 552 1154 res
569 1098 708 1152 hominum
726 1112 758 1149 ac
774 1094 894 1164 deorum,
963 1103 966 1108 ·

276 1179 331 1244 Qui
347 1194 423 1231 mare
441 1194 473 1230 ac
490 1180 579 1230 terras
596 1172 733 1240 variisque
750 1169 884 1223 mundum

312 1254 458 1323 Temperat
474 1251 568 1304 horisl

277 1328 362 1383 Unde
378 1327 417 1380 nil
433 1326 522 1395 majus
540 1326 686 1392 generatur
702 1320 770 1389 ipsc,

279 1405 306 1458 N
308 1421 339 1458 ec
356 1402 431 1471 viget
447 1401 598 1471 quidquam
615 1397 704 1451 simile
721 1400 770 1450 aut
787 1392 948 1448 secundum:

279 1479 421 1534 Proximos
437 1478 477 1532 illi
494 1479 589 1531 tamen
606 1471 747 1542 occupavit

315 1554 404 1608 Pallas
421 1554 545 1606 honores.

245 1636 247 1642 '
280 1626 400 1684 Proeliis
413 1629 503 1682 audax
520 1642 611 1695 neque
629 1628 659 1678 te
676 1623 761 1677 silebo

281 1706 372 1774 Liber,
390 1708 419 1758 et
436 1703 524 1758 saevis
540 1701 650 1755 inimica
666 1700 753 1767 Virgo

283 1782 383 1849 Beluis,
402 1797 452 1834 nec
469 1783 506 1846 te,
523 1777 672 1832 metuende
689 1778 765 1829 certa

317 1855 428 1910 Phoebe
445 1855 553 1922 sagitta.

282 1933 379 1987 Dicam
396 1934 427 1985 et
445 1929 562 1983 Alciden
580 1940 734 1996 puerosque
751 1924 851 1991 Ledae,

283 2010 366 2061 Hunc
383 2006 469 2076 aquia,
482 2004 563 2058 'illum
582 2017 712 2070 superare
729 1999 828 2068 pugnis

285 2082 427 2148 Nobilem3
445 2096 561 2150 quorum
579 2077 659 2131 simul
676 2076 739 2131 alba
755 2073 848 2129 nautis

319 2157 405 2211 Stella
422 2156 536 2223 refulsit,

285 2232 390 2287 Defluit
408 2232 480 2285 saxis
496 2231 618 2299 agitatus
634 2229 740 2296 humor,

285 2307 441 2362 Concidunt
457 2307 531 2361 venti
549 2307 713 2374 fugiuntque
730 2304 824 2370 nubes,

286 2384 323 2438 Et
340 2382 440 2449 minax,
458 2381 532 2450 quod
550 2381 723 2447 deuoluere,
741 2383 826 2449 ponto

320 2458 404 2512 Unda
421 2456 562 2511 recumbit.
725 2507 728 2511 ,

287 2533 434 2588 Romulum
451 2535 514 2602 post
530 2531 580 2584 hos
597 2530 673 2599 prius
690 2543 729 2583 nn
744 2529 868 2599 quietum

287 2608 405 2678 Pompili
423 2624 537 2675 regnum
555 2622 706 2660 memorem
722 2623 758 2659 an
776 2603 908 2674 superbos

287 2684 418 2753 Tarquini
436 2684 524 2737 fasces
541 2681 646 2749 dubito,
663 2697 699 2734 an
716 2681 827 2735 Catonis

323 2759 423 2813 Nobile
439 2759 533 2813 letum

289 2836 425 2904 Regulum
443 2838 472 2889 et
489 2834 612 2900 Scauros,
630 2832 790 2902 animaeque
807 2846 920 2899 magnae

289 2911 439 2978 Prodigum
457 2909 583 2963 Paullum
600 2912 746 2975 superante
765 2909 863 2971 Poeno,

290 2986 392 3041 Gratus
408 2985 509 3053 insigni
527 2984 645 3038 referam
664 2984 790 3052 Camena,

324 3061 543 3129 Fabriciumque.

291 3135 373 3190 Hunc
390 3139 419 3190 et
436 3135 579 3204 incomptis
598 3134 710 3189 (lurium
728 3135 833 3203 capillis

291 3211 396 3265 Utilem
413 3209 485 3263 bello
502 3212 567 3264 tulit
585 3214 615 3264 et
633 3210 777 3263 Camillum

1000 182 1015 226 9
1125 232 1126 235 ,
