2275 3550
101 225 102 230 ’
126 219 179 268 ’164
407 207 563 259 nonam
578 206 709 256 FLAOOI

129 297 204 364 Quid
215 294 339 351 studiosa
350 292 446 347 cohors
458 305 572 358 operum
584 288 684 342 strnitl
716 287 780 341 Hoc
791 304 901 359 qnoque
913 305 993 347 cmo.

130 373 197 438 Quis
215 371 268 425 sibi
285 387 331 425 res
347 371 441 437 gestas
458 365 581 434 Augusti
597 364 718 420 scribere
735 366 836 419 sumiti

130 450 209 506 Bella
226 448 288 517 quis
304 450 333 501 et
350 461 433 514 paces
450 444 562 512 longum
581 441 711 496 diffundit
728 441 757 494 in
775 445 890 497 aeruml

131 525 205 590 Quid
223 522 312 577 Titius
329 522 453 575 Romana
470 519 547 573 brevi
564 521 698 572 venturus
714 517 743 570 in
761 513 843 572 oral'

131 599 270 655 Pindarici
286 597 371 651 fontis
389 597 438 666 qui
454 613 510 650 non
528 594 661 662 expalluit
677 591 801 662 hunnus,
967 609 993 651 ι)

132 674 272 731 Fastidire
288 674 363 728 lacus
381 675 412 726 ot
428 671 502 726 rivos
520 687 602 725 ansus
619 672 737 737 apertos.

131 751 173 806 Ut
190 750 280 805 valet?
298 753 332 803 ut
348 747 474 803 meminit
490 746 594 801 nostrii
629 744 781 799 Fidibusne
798 745 902 803 Latinis

132 825 277 881 Thebanos
297 827 393 892 aptaro
410 822 506 877 modos
524 822 620 877 studet
637 821 746 889 auspice
765 821 854 890 Musa,

133 904 180 958 An
197 901 303 969 tragica
319 899 490 953 desaeviret
507 898 674 967 ampullatur
690 897 719 950 iu
736 899 815 951 artel

134 977 208 1044 Quid
216 976 284 1030 mihi
293 976 389 1030 Celsus
400 975 474 1043 agit?
491 974 612 1027 monitus
620 973 793 1041 multumque
804 971 956 1027 monendus
967 988 990 1028 1⁵

134 1053 260 1109 Privatae
277 1054 310 1105 ut
328 1054 443 1120 quaerat
461 1066 534 1118 opes,
552 1052 582 1103 et
599 1052 714 1116 tangere
730 1049 802 1101 vitet

134 1128 244 1197 Scripta
262 1127 403 1202 Palatinas
421 1141 599 1195 quaecunque
618 1124 724 1192 recepit
742 1124 850 1194 Apollo,

135 1204 180 1260 Ne
198 1204 221 1257 si
238 1203 311 1257 forte
328 1218 392 1256 suas
408 1201 557 1269 repetitum
575 1200 682 1254 venerit
699 1199 764 1252 olim

136 1280 212 1334 Grex
230 1279 321 1332 avium
338 1278 446 1347 plumas
463 1278 574 1331 moveat
590 1274 726 1329 cornicula
743 1274 829 1327 risum

136 1354 258 1410 Furtivis
276 1353 379 1407 nudata
396 1351 539 1414 coloribus.
575 1350 640 1418 Ipse
657 1350 725 1419 quid
742 1349 845 1405 audesi
965 1365 990 1404 so

137 1429 213 1494 Quae
231 1429 432 1502 circumuolitans
450 1427 529 1495 egilis
545 1425 657 1495 thyma?
693 1425 719 1479 N
721 1442 757 1479 on
772 1426 826 1480 tibi
843 1442 957 1495 parvum

137 1502 290 1571 Ingenium,
308 1518 363 1555 non
380 1502 512 1556 incultum
530 1504 621 1555 estet
638 1501 758 1570 turpiter
774 1501 884 1555 hirtum

137 1578 193 1634 Seu
210 1578 331 1645 lingnam
349 1577 437 1631 causis
454 1576 529 1631 aenis
547 1592 597 1630 seu
614 1577 698 1631 civica
711 1578 778 1646 jura

137 1652 317 1722 Respondere
334 1669 415 1722 paras
431 1668 481 1707 sen
498 1651 593 1706 condis
610 1652 727 1707 amabile
743 1670 860 1719 carmen,

138 1729 232 1785 Prima
248 1730 321 1784 feres
337 1728 457 1783 hederae
473 1728 594 1783 victricis
611 1729 740 1800 praemia
776 1728 880 1794 Quodsi
965 1743 991 1786 25

138 1805 253 1875 Frigida
269 1807 397 1860 omarum
413 1805 541 1860 fomenta⁴
551 1806 707 1876 relinquere
723 1821 818 1876 posses

139 1882 201 1948 Quo
218 1885 249 1937 te
265 1881 390 1937 caelestis
408 1882 542 1951 sapientia
559 1882 674 1937 duceret
690 1884 752 1937 ires.

139 1958 202 2012 Hoo
218 1975 295 2028 opus,
311 1957 363 2012 hoc
379 1957 502 2012 studium
518 1959 598 2027 parri
614 1974 793 2027 properemus
810 1960 839 2013 et
856 1956 939 2027 ampli

139 2033 170 2089 si
186 2034 293 2104 patriae
310 2034 442 2101 volumus,
459 2034 484 2087 si
500 2034 580 2088 nobis
597 2035 688 2088 vivere
705 2034 769 2088 cari.

76 2136 81 2145 ·
139 2109 233 2164 Debes
249 2110 301 2164 hoc
318 2110 402 2163 etiam
419 2110 579 2177 rescribere,
597 2110 621 2163 si
638 2110 690 2164 tibi
708 2126 789 2164 curae
966 2124 990 2164 so

140 2185 266 2250 Quantae
283 2184 427 2239 conveniat
444 2185 601 2250 Munatius;
618 2202 654 2238 an
670 2186 834 2239 malesarta

91 2289 94 2297 ·
140 2260 238 2314 Gratia
254 2259 435 2327 nequicquam
452 2260 508 2312 coit
525 2262 556 2313 et
573 2260 745 2313 rescinditur.
781 2262 822 2313 At
838 2276 888 2313 vos

140 2336 196 2391 Seu
212 2334 317 2388 calidus
334 2334 444 2400 sanguis
462 2349 511 2386 seu
528 2349 620 2387 rerum
638 2335 746 2387 inscitia
762 2337 845 2387 vexat

140 2410 281 2464 Indomita
298 2408 402 2462 oervice
419 2407 500 2477 leros,
517 2408 672 2477 ubieunque
690 2409 810 2462 locorum

140 2485 250 2553 vivitis,
268 2483 373 2552 indigni
390 2484 542 2539 fraternum
559 2501 688 2552 rumpere
705 2485 809 2553 foedus,
915 2502 918 2507 ⁴
966 2500 991 2542 ss

140 2561 266 2618 Pascitur
281 2560 312 2616 in
328 2564 451 2615 vestrum
467 2559 590 2615 reditum
606 2561 698 2616 votiva
710 2561 836 2631 juvenca.
934 2626 941 2644 .

542 2706 596 2762 IV.

141 2791 224 2858 Anni,
240 2790 397 2845 nostrornm
414 2806 570 2845 sermonum
588 2789 704 2845 candide
716 2789 813 2859 judex,

142 2867 215 2932 Quid
231 2883 303 2921 nnnc
320 2870 350 2920 te
368 2865 457 2920 dicam
474 2867 565 2921 facere
582 2866 611 2920 in
627 2867 739 2934 regione
760 2866 889 2920 Pedanal

141 2942 268 2997 Scribere
285 2941 360 3011 quod
378 2941 455 2995 Gaesi
473 2942 628 2997 Parmensis
645 2942 774 3011 opuscula
790 2942 888 3010 vineat,

142 3019 188 3070 An
205 3018 321 3072 tacitum
338 3016 420 3071 silvas
436 3016 511 3071 inter
527 3021 639 3087 reptare
657 3016 786 3084 salubres,

142 3093 293 3148 (iurantem
310 3093 446 3163 quidquid
464 3094 577 3162 dignum
595 3094 718 3162 sapiente
735 3093 861 3162 bonoque
878 3092 938 3146 esti
977 3106 991 3147 5

141 3166 169 3220 N
171 3184 206 3221 on
222 3172 255 3223 tu
271 3185 370 3238 eorpus
388 3185 450 3223 eras
468 3170 526 3223 sine
543 3173 661 3239 pectore.
696 3168 733 3223 Di
749 3169 803 3223 tibi
819 3170 941 3235 formam,
1029 3214 1031 3219 ,

142 3237 181 3294 Di
197 3241 250 3296 tibi
267 3243 378 3298 divitias
395 3244 534 3300 dederunt
549 3248 693 3313 artemque
709 3243 826 3298 fruendi.
