2275 3550
330 186 333 193 '
424 180 630 231 CARMINUM
647 181 685 230 11.
706 183 742 230 11.

296 259 434 314 Docidunt
451 265 542 313 turres
559 259 718 329 feriuntque
736 276 854 313 summos

330 334 451 402 Fulgura
468 339 583 389 montes.

296 409 395 478 Sperat
412 410 525 479 infestis,
543 409 644 464 metuit
661 410 788 464 secundis
810 448 814 457 -

295 485 421 539 Alteram
439 489 541 540 sortem
559 485 629 539 bene
647 488 841 554 praeparatum

296 559 403 617 Pectus.
438 560 575 615 Informes
592 561 695 615 hiemes
713 560 821 615 reducit
920 629 931 639 ²

328 635 467 705 luppiter,
486 635 560 690 idem

178 758 197 783 ,Ἴ
295 711 460 766 Summovet
494 711 521 764 Ν
522 727 557 764 on
575 711 598 765 si
615 711 686 765 male
703 727 775 764 nunc
792 714 822 765 et
839 710 904 764 olim

295 786 341 842 Sic
359 787 428 842 erit:
447 784 584 857 quondam
602 786 706 840 cithara
722 789 859 840 tacentem

295 863 416 917 Suscitat
432 879 545 931 musam,
562 878 653 932 neque
671 877 779 929 semper
796 876 890 915 arcum

329 937 430 992 'lendit
448 938 555 1007 Apollo.
766 990 775 1005 ,

230 1064 236 1078 ,
295 1012 389 1079 Rebus
406 1014 529 1081 angustis
547 1013 684 1067 animosus
701 1015 786 1082 atque

241 1094 247 1103 '
296 1089 388 1143 Fortis
406 1105 525 1158 appare;
544 1090 682 1157 sapienter
699 1088 774 1142 idem

296 1164 447 1219 Contrahes
464 1166 547 1218 vento
564 1163 678 1217 nimium
696 1162 812 1217 secundo

329 1238 451 1306 Turgida
467 1239 534 1293 vela
625 1291 629 1298 ,

505 1360 668 1445 'xa

296 1462 371 1529 Quin
387 1461 529 1518 bellicosus
546 1461 686 1517 Cantaber
702 1465 732 1517 eh
750 1462 871 1533 Scythes,
924 1507 927 1512 .
1021 1466 1024 1470 ’

241 1569 243 1573 ·
295 1539 413 1609 Hirpine
430 1538 532 1606 Quinti,
550 1539 654 1607 cogitet
673 1538 780 1592 Hadria

329 1615 440 1668 Divisus
457 1611 565 1681 objecto
582 1614 709 1667 remittas

364 1689 510 1757 Quaerere,
527 1705 579 1743 nec
596 1689 719 1758 trepides
736 1688 766 1742 in
783 1706 863 1743 usum

296 1765 438 1821 Poscentis
454 1765 514 1820 aevi
531 1782 625 1835 pauca
660 1764 745 1833 Fugit
762 1768 837 1819 retro

297 1842 379 1897 Levis
392 1841 521 1910 juventas
538 1846 568 1896 et
586 1841 675 1908 decor,
692 1840 770 1893 arida

332 1917 455 1971 Pellente
473 1916 586 1969 lascivos
604 1932 709 1969 amores

367 1990 474 2045 Canitie
491 1990 653 2059 facilemque
671 2005 802 2044 somnum.

297 2067 361 2121 Non
378 2081 485 2134 semper
501 2065 576 2119 idem
593 2064 705 2118 floribus
722 2069 764 2119 est
780 2065 866 2119 honor

298 2142 398 2196 Vernis
414 2157 504 2211 neque
521 2157 576 2195 uno
594 2140 672 2196 Luna
689 2140 790 2194 rubens
807 2140 878 2196 nitet

333 2217 437 2271 Vultu:
455 2216 522 2285 quid
539 2216 660 2271 aeternis
677 2216 810 2270 minorem

367 2292 493 2348 Consiliis
511 2293 631 2346 animum
648 2292 768 2360 fatigasl

298 2369 354 2425 Our
370 2384 424 2422 non
441 2367 565 2422 subalta
583 2367 626 2422 vel
643 2367 753 2437 platano
771 2368 814 2422 vel
831 2368 883 2423 hac

298 2445 369 2500 Pinu
381 2444 507 2513 jacentes
525 2444 563 2498 sie
581 2446 687 2497 temere
704 2446 735 2498 et
752 2460 814 2497 rosa

333 2521 421 2576 Canos
438 2519 545 2573 odorati
563 2518 681 2587 capillos,

366 2596 440 2649 Duru
457 2595 529 2663 licet,
547 2594 716 2664 Assyriaque
733 2594 820 2649 nardo

298 2672 428 2727 Putamus
445 2670 540 2725 unetil
576 2669 699 2739 Dissipat
716 2670 802 2724 Euius

298 2748 384 2804 mnas
400 2746 505 2801 edaces
540 2746 608 2810 Quis
625 2763 694 2815 puer
711 2746 786 2800 ocius

332 2823 500 2890 Restinguet
517 2822 640 2876 ardentis
658 2821 768 2876 Falerni

365 2898 467 2952 Pocula
482 2900 676 2966 praetereunte
694 2897 822 2966 lymphal

298 2973 365 3039 Quis
382 2972 492 3028 derium
509 2976 629 3027 scortum
647 2972 738 3027 eliciet
755 2973 837 3026 domo

299 3048 414 3118 Lyden?
449 3047 561 3101 Eburna
578 3048 622 3101 dic
639 3064 691 3115 age
708 3064 770 3101 cum
787 3047 844 3116 lyra

333 3124 458 3177 Maturet
475 3124 504 3177 in
523 3127 662 3191 comptum
680 3122 820 3176 Lacaenae
858 3183 861 3187 ,

366 3198 446 3251 More
462 3213 553 3251 eomas
570 3196 688 3265 religata
704 3196 813 3249 nodum.

980 182 1017 231 a
