<?xml version="1.0" encoding="UTF-8"?>
<!DOCTYPE html PUBLIC "-//W3C//DTD XHTML 1.0 Transitional//EN"
    "http://www.w3.org/TR/xhtml1/DTD/xhtml1-transitional.dtd">
<html xmlns="http://www.w3.org/1999/xhtml" xml:lang="en" lang="en">
 <head>
  <title>
</title>
<meta http-equiv="Content-Type" content="text/html;charset=utf-8" />
  <meta name='ocr-system' content='tesseract 3.04.00' />
  <meta name='ocr-capabilities' content='ocr_page ocr_carea ocr_par ocr_line ocrx_word'/>
</head>
<body>
  <div class='ocr_page' id='page_1' title='image "./quintihoraticfl00maclgoog_0074.png"; bbox 0 0 2275 3550; ppageno 0'>
   <div class='ocr_carea' id='block_1_1' title="bbox 132 161 164 210">
    <p class='ocr_par' dir='ltr' id='par_1_1' title="bbox 132 161 164 210">
     <span class='ocr_line' id='line_1_1' title="bbox 132 161 164 210; baseline 0.063 -2"><span class='ocrx_word' id='word_1_1' title='bbox 132 161 164 210; x_wconf 82' lang='lat' dir='ltr'><strong>oo</strong></span> 
     </span>
    </p>
   </div>
   <div class='ocr_carea' id='block_1_2' title="bbox 407 162 706 213">
    <p class='ocr_par' dir='ltr' id='par_1_2' title="bbox 407 162 706 213">
     <span class='ocr_line' id='line_1_2' title="bbox 407 162 706 213; baseline -0.01 0"><span class='ocrx_word' id='word_1_2' title='bbox 407 163 560 213; x_wconf 84' lang='lat' dir='ltr'>HORATII</span> <span class='ocrx_word' id='word_1_3' title='bbox 578 162 706 211; x_wconf 80' lang='lat' dir='ltr'><strong>FLACOI</strong></span> 
     </span>
    </p>
   </div>
   <div class='ocr_carea' id='block_1_3' title="bbox 267 243 983 915">
    <p class='ocr_par' dir='ltr' id='par_1_3' title="bbox 268 243 983 464">
     <span class='ocr_line' id='line_1_3' title="bbox 271 243 983 313; baseline 0.001 -14"><span class='ocrx_word' id='word_1_4' title='bbox 271 243 340 299; x_wconf 81' lang='lat' dir='ltr'><strong>(lum</strong></span> <span class='ocrx_word' id='word_1_5' title='bbox 357 261 408 313; x_wconf 87' lang='lat' dir='ltr'><strong>per</strong></span> <span class='ocrx_word' id='word_1_6' title='bbox 424 244 566 299; x_wconf 71' lang='lat' dir='ltr'><strong>obstantes</strong></span> <span class='ocrx_word' id='word_1_7' title='bbox 578 243 712 312; x_wconf 83' lang='lat' dir='ltr'><strong>juvenum</strong></span> <span class='ocrx_word' id='word_1_8' title='bbox 729 247 854 300; x_wconf 82' lang='lat' dir='ltr'><strong>catervas</strong></span> <span class='ocrx_word' id='word_1_9' title='bbox 936 266 940 271; x_wconf 84' lang='grc'><em>·</em></span> <span class='ocrx_word' id='word_1_10' title='bbox 969 273 983 310; x_wconf 80' lang='lat'><strong>5</strong></span> 
     </span>
     <span class='ocr_line' id='line_1_4' title="bbox 270 319 805 389; baseline -0.002 -16"><span class='ocrx_word' id='word_1_11' title='bbox 270 320 329 374; x_wconf 89' lang='lat' dir='ltr'><strong>Ibit</strong></span> <span class='ocrx_word' id='word_1_12' title='bbox 344 321 477 388; x_wconf 84' lang='lat' dir='ltr'><strong>insignem</strong></span> <span class='ocrx_word' id='word_1_13' title='bbox 495 324 624 389; x_wconf 89' lang='lat' dir='ltr'><strong>repetens</strong></span> <span class='ocrx_word' id='word_1_14' title='bbox 642 319 805 386; x_wconf 79' lang='lat' dir='ltr'>Nearchum,</span> 
     </span>
     <span class='ocr_line' id='line_1_5' title="bbox 268 393 827 464; baseline 0.002 -15"><span class='ocrx_word' id='word_1_15' title='bbox 268 395 381 449; x_wconf 80' lang='lat' dir='ltr'><strong>Grande</strong></span> <span class='ocrx_word' id='word_1_16' title='bbox 398 400 542 449; x_wconf 84' lang='lat' dir='ltr'><strong>certamen·</strong></span> <span class='ocrx_word' id='word_1_17' title='bbox 554 393 607 448; x_wconf 91' lang='lat' dir='ltr'><strong>tibi</strong></span> <span class='ocrx_word' id='word_1_18' title='bbox 624 394 729 464; x_wconf 81' lang='lat' dir='ltr'><strong>praeda</strong></span> <span class='ocrx_word' id='word_1_19' title='bbox 745 396 827 450; x_wconf 85' lang='lat' dir='ltr'><strong>cedat</strong></span> 
     </span>
    </p>

    <p class='ocr_par' dir='ltr' id='par_1_4' title="bbox 268 470 983 766">
     <span class='ocr_line' id='line_1_6' title="bbox 303 470 851 538; baseline 0.002 -15"><span class='ocrx_word' id='word_1_20' title='bbox 303 470 395 538; x_wconf 87' lang='lat' dir='ltr'><strong>Major</strong></span> <span class='ocrx_word' id='word_1_21' title='bbox 411 488 446 524; x_wconf 94' lang='lat' dir='ltr'><strong>an</strong></span> <span class='ocrx_word' id='word_1_22' title='bbox 464 471 511 524; x_wconf 88' lang='lat' dir='ltr'><strong>illi.</strong></span> <span class='ocrx_word' id='word_1_23' title='bbox 846 473 851 479; x_wconf 83' lang='grc'><em>“</em></span> 
     </span>
     <span class='ocr_line' id='line_1_7' title="bbox 268 545 782 615; baseline 0.002 -16"><span class='ocrx_word' id='word_1_24' title='bbox 268 545 392 613; x_wconf 84' lang='lat' dir='ltr'><strong>Interim,</strong></span> <span class='ocrx_word' id='word_1_25' title='bbox 411 547 477 600; x_wconf 92' lang='lat' dir='ltr'><strong>dum</strong></span> <span class='ocrx_word' id='word_1_26' title='bbox 495 550 527 600; x_wconf 92' lang='lat' dir='ltr'><strong>tu</strong></span> <span class='ocrx_word' id='word_1_27' title='bbox 544 547 648 601; x_wconf 83' lang='lat' dir='ltr'><strong>celeres</strong></span> <span class='ocrx_word' id='word_1_28' title='bbox 667 548 782 615; x_wconf 75' lang='lat' dir='ltr'><strong>sagittas</strong></span> 
     </span>
     <span class='ocr_line' id='line_1_8' title="bbox 269 620 983 691; baseline 0.008 -17"><span class='ocrx_word' id='word_1_29' title='bbox 269 620 383 689; x_wconf 87' lang='lat' dir='ltr'><strong>Promis,</strong></span> <span class='ocrx_word' id='word_1_30' title='bbox 400 621 466 676; x_wconf 88' lang='lat' dir='ltr'><strong>haec</strong></span> <span class='ocrx_word' id='word_1_31' title='bbox 484 622 583 677; x_wconf 91' lang='lat' dir='ltr'><strong>dentes</strong></span> <span class='ocrx_word' id='word_1_32' title='bbox 599 622 673 676; x_wconf 80' lang='lat' dir='ltr'><strong>acuit</strong></span> <span class='ocrx_word' id='word_1_33' title='bbox 689 622 833 691; x_wconf 86' lang='lat' dir='ltr'><strong>timendos,</strong></span> <span class='ocrx_word' id='word_1_34' title='bbox 961 641 983 680; x_wconf 79' lang='lat' dir='ltr'><strong>ro</strong></span> 
     </span>
     <span class='ocr_line' id='line_1_9' title="bbox 268 696 740 766; baseline -0.002 -16"><span class='ocrx_word' id='word_1_35' title='bbox 268 696 384 752; x_wconf 86' lang='lat' dir='ltr'><strong>Arbiter</strong></span> <span class='ocrx_word' id='word_1_36' title='bbox 400 714 507 766; x_wconf 82' lang='lat' dir='ltr'><strong>pugnae</strong></span> <span class='ocrx_word' id='word_1_37' title='bbox 524 697 648 766; x_wconf 80' lang='lat' dir='ltr'><strong>posuisse</strong></span> <span class='ocrx_word' id='word_1_38' title='bbox 666 698 740 751; x_wconf 88' lang='lat' dir='ltr'><strong>nudo</strong></span> 
     </span>
    </p>

    <p class='ocr_par' dir='ltr' id='par_1_5' title="bbox 267 772 737 915">
     <span class='ocr_line' id='line_1_10' title="bbox 302 772 582 842; baseline -0.004 -16"><span class='ocrx_word' id='word_1_39' title='bbox 302 772 359 826; x_wconf 81' lang='lat' dir='ltr'><strong>Sub</strong></span> <span class='ocrx_word' id='word_1_40' title='bbox 375 773 448 842; x_wconf 90' lang='lat' dir='ltr'><strong>pede</strong></span> <span class='ocrx_word' id='word_1_41' title='bbox 464 773 582 842; x_wconf 87' lang='lat' dir='ltr'><strong>palmam</strong></span> 
     </span>
     <span class='ocr_line' id='line_1_11' title="bbox 267 847 737 915; baseline 0.002 -15"><span class='ocrx_word' id='word_1_42' title='bbox 267 847 376 915; x_wconf 82' lang='lat' dir='ltr'><strong>Fertur,</strong></span> <span class='ocrx_word' id='word_1_43' title='bbox 395 852 424 902; x_wconf 91' lang='lat' dir='ltr'><strong>et</strong></span> <span class='ocrx_word' id='word_1_44' title='bbox 440 848 496 901; x_wconf 89' lang='lat' dir='ltr'><strong>leni</strong></span> <span class='ocrx_word' id='word_1_45' title='bbox 513 864 638 902; x_wconf 89' lang='lat' dir='ltr'><strong>recreare</strong></span> <span class='ocrx_word' id='word_1_46' title='bbox 656 850 737 901; x_wconf 84' lang='lat' dir='ltr'><strong>vento</strong></span> 
     </span>
    </p>
   </div>
   <div class='ocr_carea' id='block_1_4' title="bbox 229 921 825 992">
    <p class='ocr_par' dir='ltr' id='par_1_6' title="bbox 229 921 825 992">
     <span class='ocr_line' id='line_1_12' title="bbox 229 921 825 992; baseline 0.002 -17"><span class='ocrx_word' id='word_1_47' title='bbox 229 954 232 961; x_wconf 89' lang='lat'>·</span> <span class='ocrx_word' id='word_1_48' title='bbox 267 921 396 990; x_wconf 83' lang='lat' dir='ltr'><strong>Sparsum</strong></span> <span class='ocrx_word' id='word_1_49' title='bbox 414 922 535 976; x_wconf 86' lang='lat' dir='ltr'><strong>odoratis</strong></span> <span class='ocrx_word' id='word_1_50' title='bbox 551 922 697 976; x_wconf 86' lang='lat' dir='ltr'><strong>humerum</strong></span> <span class='ocrx_word' id='word_1_51' title='bbox 714 923 825 992; x_wconf 83' lang='lat' dir='ltr'><strong>capillis,</strong></span> 
     </span>
    </p>
   </div>
   <div class='ocr_carea' id='block_1_5' title="bbox 267 997 980 1143">
    <p class='ocr_par' dir='ltr' id='par_1_7' title="bbox 267 997 980 1143">
     <span class='ocr_line' id='line_1_13' title="bbox 267 997 980 1067; baseline 0.007 -18"><span class='ocrx_word' id='word_1_52' title='bbox 267 997 360 1061; x_wconf 82' lang='lat' dir='ltr'><strong>Qualis</strong></span> <span class='ocrx_word' id='word_1_53' title='bbox 376 1003 425 1053; x_wconf 90' lang='lat' dir='ltr'><strong>aut</strong></span> <span class='ocrx_word' id='word_1_54' title='bbox 442 998 543 1052; x_wconf 89' lang='lat' dir='ltr'><strong>Nireus</strong></span> <span class='ocrx_word' id='word_1_55' title='bbox 559 999 614 1053; x_wconf 89' lang='lat' dir='ltr'><strong>fuit</strong></span> <span class='ocrx_word' id='word_1_56' title='bbox 630 1001 679 1052; x_wconf 90' lang='lat' dir='ltr'><strong>aut</strong></span> <span class='ocrx_word' id='word_1_57' title='bbox 696 1014 798 1067; x_wconf 87' lang='lat' dir='ltr'><strong>aquosa</strong></span> <span class='ocrx_word' id='word_1_58' title='bbox 957 1013 980 1054; x_wconf 68' lang='grc' dir='ltr'><strong>ιε</strong></span> 
     </span>
     <span class='ocr_line' id='line_1_14' title="bbox 300 1072 538 1143; baseline 0.008 -16"><span class='ocrx_word' id='word_1_59' title='bbox 300 1072 407 1143; x_wconf 79' lang='lat' dir='ltr'><strong>Raptus</strong></span> <span class='ocrx_word' id='word_1_60' title='bbox 424 1073 460 1128; x_wconf 91' lang='lat' dir='ltr'><strong>ab</strong></span> <span class='ocrx_word' id='word_1_61' title='bbox 478 1073 538 1129; x_wconf 83' lang='lat' dir='ltr'><strong>Ida</strong></span> 
     </span>
    </p>
   </div>
   <div class='ocr_carea' id='block_1_6' title="bbox 511 1282 591 1338">
    <p class='ocr_par' dir='ltr' id='par_1_8' title="bbox 511 1282 591 1338">
     <span class='ocr_line' id='line_1_15' title="bbox 511 1282 591 1338; baseline 0 0"><span class='ocrx_word' id='word_1_62' title='bbox 511 1282 591 1338; x_wconf 86' lang='lat' dir='ltr'>XXI.</span> 
     </span>
    </p>
   </div>
   <div class='ocr_carea' id='block_1_7' title="bbox 264 1373 978 1743">
    <p class='ocr_par' dir='ltr' id='par_1_9' title="bbox 264 1373 978 1743">
     <span class='ocr_line' id='line_1_16' title="bbox 265 1373 760 1439; baseline -0.01 -9"><span class='ocrx_word' id='word_1_63' title='bbox 265 1375 289 1430; x_wconf 96' lang='lat'>0</span> <span class='ocrx_word' id='word_1_64' title='bbox 305 1390 380 1430; x_wconf 77' lang='lat' dir='ltr'><strong>usna</strong></span> <span class='ocrx_word' id='word_1_65' title='bbox 396 1390 502 1429; x_wconf 89' lang='lat' dir='ltr'><strong>mecum</strong></span> <span class='ocrx_word' id='word_1_66' title='bbox 520 1374 631 1428; x_wconf 89' lang='lat' dir='ltr'><strong>consule</strong></span> <span class='ocrx_word' id='word_1_67' title='bbox 649 1373 760 1439; x_wconf 88' lang='lat' dir='ltr'><strong>Manlio,</strong></span> 
     </span>
     <span class='ocr_line' id='line_1_17' title="bbox 264 1447 766 1519; baseline -0.01 -15"><span class='ocrx_word' id='word_1_68' title='bbox 264 1451 319 1505; x_wconf 82' lang='lat' dir='ltr'><strong>Seu</strong></span> <span class='ocrx_word' id='word_1_69' title='bbox 336 1455 369 1504; x_wconf 92' lang='lat' dir='ltr'><strong>tu</strong></span> <span class='ocrx_word' id='word_1_70' title='bbox 386 1449 510 1519; x_wconf 87' lang='lat' dir='ltr'><strong>querelas</strong></span> <span class='ocrx_word' id='word_1_71' title='bbox 528 1449 585 1501; x_wconf 84' lang='lat' dir='ltr'><strong>sire</strong></span> <span class='ocrx_word' id='word_1_72' title='bbox 602 1449 676 1515; x_wconf 84' lang='lat' dir='ltr'><strong>geris</strong></span> <span class='ocrx_word' id='word_1_73' title='bbox 688 1447 766 1514; x_wconf 88' lang='lat' dir='ltr'><strong>jocos</strong></span> 
     </span>
     <span class='ocr_line' id='line_1_18' title="bbox 298 1523 753 1579; baseline -0.009 -1"><span class='ocrx_word' id='word_1_74' title='bbox 298 1525 353 1579; x_wconf 80' lang='lat' dir='ltr'><strong>Seu</strong></span> <span class='ocrx_word' id='word_1_75' title='bbox 370 1525 458 1578; x_wconf 81' lang='lat' dir='ltr'><strong>rixam</strong></span> <span class='ocrx_word' id='word_1_76' title='bbox 475 1528 506 1576; x_wconf 88' lang='lat' dir='ltr'><strong>et</strong></span> <span class='ocrx_word' id='word_1_77' title='bbox 522 1523 630 1576; x_wconf 88' lang='lat' dir='ltr'><strong>insanos</strong></span> <span class='ocrx_word' id='word_1_78' title='bbox 647 1539 753 1575; x_wconf 89' lang='lat' dir='ltr'><strong>amores</strong></span> 
     </span>
     <span class='ocr_line' id='line_1_19' title="bbox 332 1597 831 1665; baseline -0.006 -13"><span class='ocrx_word' id='word_1_79' title='bbox 332 1599 387 1652; x_wconf 83' lang='lat' dir='ltr'><strong>Seu</strong></span> <span class='ocrx_word' id='word_1_80' title='bbox 404 1598 518 1665; x_wconf 87' lang='lat' dir='ltr'><strong>facilem,</strong></span> <span class='ocrx_word' id='word_1_81' title='bbox 536 1597 583 1665; x_wconf 85' lang='lat' dir='ltr'><strong>pia</strong></span> <span class='ocrx_word' id='word_1_82' title='bbox 600 1600 681 1663; x_wconf 87' lang='lat' dir='ltr'><strong>testa,</strong></span> <span class='ocrx_word' id='word_1_83' title='bbox 699 1613 831 1665; x_wconf 89' lang='lat' dir='ltr'><strong>somnum,</strong></span> 
     </span>
     <span class='ocr_line' id='line_1_20' title="bbox 264 1671 978 1743; baseline -0.001 -17"><span class='ocrx_word' id='word_1_84' title='bbox 264 1673 430 1743; x_wconf 86' lang='lat' dir='ltr'><strong>Quocunque</strong></span> <span class='ocrx_word' id='word_1_85' title='bbox 447 1673 549 1726; x_wconf 90' lang='lat' dir='ltr'><strong>lectum</strong></span> <span class='ocrx_word' id='word_1_86' title='bbox 566 1673 675 1725; x_wconf 90' lang='lat' dir='ltr'><strong>nomine</strong></span> <span class='ocrx_word' id='word_1_87' title='bbox 693 1671 840 1726; x_wconf 87' lang='lat' dir='ltr'><strong>Massicum</strong></span> <span class='ocrx_word' id='word_1_88' title='bbox 963 1689 978 1731; x_wconf 78' lang='lat' dir='ltr'><strong>a</strong></span> 
     </span>
    </p>
   </div>
   <div class='ocr_carea' id='block_1_8' title="bbox 260 1747 1016 2794">
    <p class='ocr_par' dir='ltr' id='par_1_10' title="bbox 260 1747 1016 2794">
     <span class='ocr_line' id='line_1_21' title="bbox 262 1747 749 1817; baseline -0.008 -12"><span class='ocrx_word' id='word_1_89' title='bbox 262 1749 367 1817; x_wconf 84' lang='lat' dir='ltr'><strong>Servaa,</strong></span> <span class='ocrx_word' id='word_1_90' title='bbox 385 1749 488 1803; x_wconf 83' lang='lat' dir='ltr'><strong>moveri</strong></span> <span class='ocrx_word' id='word_1_91' title='bbox 506 1747 590 1817; x_wconf 80' lang='lat' dir='ltr'><strong>digna</strong></span> <span class='ocrx_word' id='word_1_92' title='bbox 606 1749 677 1802; x_wconf 91' lang='lat' dir='ltr'><strong>bono</strong></span> <span class='ocrx_word' id='word_1_93' title='bbox 695 1749 749 1813; x_wconf 85' lang='lat' dir='ltr'><strong>die,</strong></span> 
     </span>
     <span class='ocr_line' id='line_1_22' title="bbox 295 1824 712 1893; baseline -0.005 -13"><span class='ocrx_word' id='word_1_94' title='bbox 295 1825 446 1893; x_wconf 80' lang='lat' dir='ltr'><strong>Descende,</strong></span> <span class='ocrx_word' id='word_1_95' title='bbox 465 1824 581 1880; x_wconf 80' lang='lat' dir='ltr'><strong>Corvino</strong></span> <span class='ocrx_word' id='word_1_96' title='bbox 594 1825 712 1892; x_wconf 88' lang='lat' dir='ltr'><strong>jubente</strong></span> 
     </span>
     <span class='ocr_line' id='line_1_23' title="bbox 332 1901 855 1969; baseline -0.002 -13"><span class='ocrx_word' id='word_1_97' title='bbox 332 1903 461 1956; x_wconf 88' lang='lat' dir='ltr'><strong>Promere</strong></span> <span class='ocrx_word' id='word_1_98' title='bbox 477 1901 649 1969; x_wconf 80' lang='lat' dir='ltr'><strong>languidiora</strong></span> <span class='ocrx_word' id='word_1_99' title='bbox 665 1901 735 1955; x_wconf 83' lang='lat' dir='ltr'><strong>vina</strong></span> <span class='ocrx_word' id='word_1_100' title='bbox 852 1958 855 1962; x_wconf 61' lang='grc'>,</span> 
     </span>
     <span class='ocr_line' id='line_1_24' title="bbox 261 1977 851 2048; baseline -0.002 -16"><span class='ocrx_word' id='word_1_101' title='bbox 261 1977 289 2032; x_wconf 85' lang='lat' dir='ltr'>N</span> <span class='ocrx_word' id='word_1_102' title='bbox 291 1995 326 2031; x_wconf 92' lang='lat' dir='ltr'><strong>on</strong></span> <span class='ocrx_word' id='word_1_103' title='bbox 342 1979 395 2046; x_wconf 92' lang='lat' dir='ltr'><strong>ille,</strong></span> <span class='ocrx_word' id='word_1_104' title='bbox 413 1994 577 2048; x_wconf 88' lang='lat' dir='ltr'><strong>quamquam</strong></span> <span class='ocrx_word' id='word_1_105' title='bbox 595 1977 739 2030; x_wconf 82' lang='lat' dir='ltr'><strong>Socraticis</strong></span> <span class='ocrx_word' id='word_1_106' title='bbox 756 1977 851 2031; x_wconf 88' lang='lat' dir='ltr'><strong>madet</strong></span> 
     </span>
     <span class='ocr_line' id='line_1_25' title="bbox 262 2051 972 2120; baseline 0.001 -13"><span class='ocrx_word' id='word_1_107' title='bbox 262 2054 445 2120; x_wconf 75' lang='lat' dir='ltr'><strong>sermonibus,</strong></span> <span class='ocrx_word' id='word_1_108' title='bbox 464 2056 493 2106; x_wconf 90' lang='lat' dir='ltr'><strong>te</strong></span> <span class='ocrx_word' id='word_1_109' title='bbox 510 2053 637 2120; x_wconf 66' lang='lat' dir='ltr'><strong>negleget</strong></span> <span class='ocrx_word' id='word_1_110' title='bbox 654 2051 796 2105; x_wconf 88' lang='lat' dir='ltr'><strong>horridus:</strong></span> <span class='ocrx_word' id='word_1_111' title='bbox 952 2070 972 2108; x_wconf 81' lang='lat' dir='ltr'><strong>ro</strong></span> 
     </span>
     <span class='ocr_line' id='line_1_26' title="bbox 295 2127 708 2195; baseline -0.007 -13"><span class='ocrx_word' id='word_1_112' title='bbox 295 2128 432 2183; x_wconf 85' lang='lat' dir='ltr'><strong>Narratur</strong></span> <span class='ocrx_word' id='word_1_113' title='bbox 449 2131 479 2181; x_wconf 90' lang='lat' dir='ltr'><strong>et</strong></span> <span class='ocrx_word' id='word_1_114' title='bbox 494 2128 578 2195; x_wconf 90' lang='lat' dir='ltr'><strong>prisci</strong></span> <span class='ocrx_word' id='word_1_115' title='bbox 596 2127 708 2180; x_wconf 84' lang='lat' dir='ltr'><strong>Catonis</strong></span> 
     </span>
     <span class='ocr_line' id='line_1_27' title="bbox 331 2201 753 2270; baseline -0.002 -14"><span class='ocrx_word' id='word_1_116' title='bbox 331 2204 417 2270; x_wconf 82' lang='lat' dir='ltr'><strong>Saepe</strong></span> <span class='ocrx_word' id='word_1_117' title='bbox 435 2216 510 2254; x_wconf 90' lang='lat' dir='ltr'><strong>mero</strong></span> <span class='ocrx_word' id='word_1_118' title='bbox 527 2201 641 2254; x_wconf 87' lang='lat' dir='ltr'><strong>caluisse</strong></span> <span class='ocrx_word' id='word_1_119' title='bbox 658 2203 753 2255; x_wconf 77' lang='lat' dir='ltr'><strong>virtus,</strong></span> 
     </span>
     <span class='ocr_line' id='line_1_28' title="bbox 261 2275 841 2342; baseline -0.002 -11"><span class='ocrx_word' id='word_1_120' title='bbox 261 2277 303 2331; x_wconf 72' lang='lat' dir='ltr'><strong>‘lu</strong></span> <span class='ocrx_word' id='word_1_121' title='bbox 319 2277 382 2329; x_wconf 86' lang='lat' dir='ltr'><strong>lene</strong></span> <span class='ocrx_word' id='word_1_122' title='bbox 398 2278 565 2330; x_wconf 89' lang='lat' dir='ltr'><strong>tormentum</strong></span> <span class='ocrx_word' id='word_1_123' title='bbox 583 2275 692 2342; x_wconf 71' lang='lat' dir='ltr'><strong>ingenio</strong></span> <span class='ocrx_word' id='word_1_124' title='bbox 711 2275 841 2330; x_wconf 86' lang='lat' dir='ltr'><strong>admoves</strong></span> 
     </span>
     <span class='ocr_line' id='line_1_29' title="bbox 262 2348 760 2418; baseline -0.006 -13"><span class='ocrx_word' id='word_1_125' title='bbox 262 2351 427 2418; x_wconf 88' lang='lat' dir='ltr'><strong>Plerumque</strong></span> <span class='ocrx_word' id='word_1_126' title='bbox 445 2348 528 2413; x_wconf 90' lang='lat' dir='ltr'><strong>duro;</strong></span> <span class='ocrx_word' id='word_1_127' title='bbox 546 2352 578 2401; x_wconf 92' lang='lat' dir='ltr'><strong>tu</strong></span> <span class='ocrx_word' id='word_1_128' title='bbox 596 2350 760 2416; x_wconf 88' lang='lat' dir='ltr'><strong>sapientium</strong></span> 
     </span>
     <span class='ocr_line' id='line_1_30' title="bbox 296 2423 681 2491; baseline -0.003 -13"><span class='ocrx_word' id='word_1_129' title='bbox 296 2424 382 2479; x_wconf 80' lang='lat' dir='ltr'><strong>Coras</strong></span> <span class='ocrx_word' id='word_1_130' title='bbox 399 2428 429 2478; x_wconf 88' lang='lat' dir='ltr'><strong>et</strong></span> <span class='ocrx_word' id='word_1_131' title='bbox 445 2437 573 2477; x_wconf 88' lang='lat' dir='ltr'><strong>arcanum</strong></span> <span class='ocrx_word' id='word_1_132' title='bbox 586 2423 681 2491; x_wconf 88' lang='lat' dir='ltr'><strong>jocoso</strong></span> 
     </span>
     <span class='ocr_line' id='line_1_31' title="bbox 330 2498 725 2566; baseline 0 -14"><span class='ocrx_word' id='word_1_133' title='bbox 330 2498 477 2553; x_wconf 81' lang='lat' dir='ltr'><strong>Consilium</strong></span> <span class='ocrx_word' id='word_1_134' title='bbox 498 2499 599 2566; x_wconf 82' lang='lat' dir='ltr'><strong>retegis</strong></span> <span class='ocrx_word' id='word_1_135' title='bbox 617 2498 725 2566; x_wconf 82' lang='lat' dir='ltr'><strong>Lyac03</strong></span> 
     </span>
     <span class='ocr_line' id='line_1_32' title="bbox 260 2572 780 2642; baseline 0 -15"><span class='ocrx_word' id='word_1_136' title='bbox 260 2573 302 2627; x_wconf 86' lang='lat' dir='ltr'><strong>&#39;l&#39;u</strong></span> <span class='ocrx_word' id='word_1_137' title='bbox 319 2590 396 2642; x_wconf 89' lang='lat' dir='ltr'><strong>spem</strong></span> <span class='ocrx_word' id='word_1_138' title='bbox 412 2572 521 2628; x_wconf 87' lang='lat' dir='ltr'><strong>reducis</strong></span> <span class='ocrx_word' id='word_1_139' title='bbox 538 2574 675 2628; x_wconf 89' lang='lat' dir='ltr'><strong>mentibus</strong></span> <span class='ocrx_word' id='word_1_140' title='bbox 692 2574 780 2628; x_wconf 83' lang='lat' dir='ltr'><strong>anxiis</strong></span> 
     </span>
     <span class='ocr_line' id='line_1_33' title="bbox 260 2649 1016 2728; baseline 0.001 -25"><span class='ocrx_word' id='word_1_141' title='bbox 260 2650 404 2718; x_wconf 87' lang='lat' dir='ltr'><strong>Viresque,</strong></span> <span class='ocrx_word' id='word_1_142' title='bbox 422 2652 452 2704; x_wconf 91' lang='lat' dir='ltr'><strong>et</strong></span> <span class='ocrx_word' id='word_1_143' title='bbox 468 2649 549 2703; x_wconf 87' lang='lat' dir='ltr'><strong>addis</strong></span> <span class='ocrx_word' id='word_1_144' title='bbox 566 2665 667 2704; x_wconf 82' lang='lat' dir='ltr'><strong>cornua</strong></span> <span class='ocrx_word' id='word_1_145' title='bbox 683 2654 816 2719; x_wconf 79' lang='lat' dir='ltr'><strong>pauperi3</strong></span> <span class='ocrx_word' id='word_1_146' title='bbox 849 2717 852 2722; x_wconf 91' lang='lat'><em>.</em></span> <span class='ocrx_word' id='word_1_147' title='bbox 901 2712 909 2728; x_wconf 45' lang='grc' dir='ltr'>Ι</span> <span class='ocrx_word' id='word_1_148' title='bbox 1012 2714 1016 2722; x_wconf 93' lang='lat'>.</span> 
     </span>
     <span class='ocr_line' id='line_1_34' title="bbox 294 2724 765 2794; baseline -0.002 -15"><span class='ocrx_word' id='word_1_149' title='bbox 294 2724 362 2779; x_wconf 92' lang='lat' dir='ltr'><strong>Post</strong></span> <span class='ocrx_word' id='word_1_150' title='bbox 378 2728 409 2779; x_wconf 90' lang='lat' dir='ltr'><strong>te</strong></span> <span class='ocrx_word' id='word_1_151' title='bbox 425 2741 515 2794; x_wconf 88' lang='lat' dir='ltr'><strong>neque</strong></span> <span class='ocrx_word' id='word_1_152' title='bbox 532 2726 618 2780; x_wconf 88' lang='lat' dir='ltr'><strong>iratos</strong></span> <span class='ocrx_word' id='word_1_153' title='bbox 634 2726 765 2779; x_wconf 85' lang='lat' dir='ltr'><strong>trementi</strong></span> 
     </span>
    </p>
   </div>
   <div class='ocr_carea' id='block_1_9' title="bbox 229 2800 970 2870">
    <p class='ocr_par' dir='ltr' id='par_1_11' title="bbox 229 2800 970 2870">
     <span class='ocr_line' id='line_1_35' title="bbox 229 2800 970 2870; baseline 0.009 -18"><span class='ocrx_word' id='word_1_154' title='bbox 229 2817 233 2824; x_wconf 81' lang='grc'><strong>’</strong></span> <span class='ocrx_word' id='word_1_155' title='bbox 328 2800 436 2867; x_wconf 81' lang='lat' dir='ltr'><strong>Regum</strong></span> <span class='ocrx_word' id='word_1_156' title='bbox 453 2801 544 2870; x_wconf 87' lang='lat' dir='ltr'><strong>apices</strong></span> <span class='ocrx_word' id='word_1_157' title='bbox 560 2818 650 2870; x_wconf 88' lang='lat' dir='ltr'><strong>neque</strong></span> <span class='ocrx_word' id='word_1_158' title='bbox 666 2800 784 2855; x_wconf 88' lang='lat' dir='ltr'><strong>militum</strong></span> <span class='ocrx_word' id='word_1_159' title='bbox 802 2819 883 2856; x_wconf 81' lang='lat' dir='ltr'><strong>arma.</strong></span> <span class='ocrx_word' id='word_1_160' title='bbox 945 2819 970 2859; x_wconf 81' lang='lat' dir='ltr'><strong>ao</strong></span> 
     </span>
    </p>
   </div>
   <div class='ocr_carea' id='block_1_10' title="bbox 258 2874 865 3167">
    <p class='ocr_par' dir='ltr' id='par_1_12' title="bbox 258 2874 865 3167">
     <span class='ocr_line' id='line_1_36' title="bbox 259 2874 815 2943; baseline -0.002 -13"><span class='ocrx_word' id='word_1_161' title='bbox 259 2875 299 2930; x_wconf 87' lang='lat' dir='ltr'><strong>&#39;I&#39;e</strong></span> <span class='ocrx_word' id='word_1_162' title='bbox 316 2874 400 2929; x_wconf 88' lang='lat' dir='ltr'><strong>Liber</strong></span> <span class='ocrx_word' id='word_1_163' title='bbox 417 2878 454 2943; x_wconf 87' lang='lat' dir='ltr'><strong>et,</strong></span> <span class='ocrx_word' id='word_1_164' title='bbox 473 2875 496 2928; x_wconf 81' lang='lat' dir='ltr'><strong>si</strong></span> <span class='ocrx_word' id='word_1_165' title='bbox 513 2876 586 2929; x_wconf 86' lang='lat' dir='ltr'><strong>laeta</strong></span> <span class='ocrx_word' id='word_1_166' title='bbox 603 2876 701 2942; x_wconf 87' lang='lat' dir='ltr'><strong>aderit,</strong></span> <span class='ocrx_word' id='word_1_167' title='bbox 720 2876 815 2929; x_wconf 83' lang='lat' dir='ltr'><strong>Venus</strong></span> 
     </span>
     <span class='ocr_line' id='line_1_37' title="bbox 258 2951 787 3020; baseline -0.002 -13"><span class='ocrx_word' id='word_1_168' title='bbox 258 2952 416 3020; x_wconf 82' lang='lat' dir='ltr'><strong>Segnesqne</strong></span> <span class='ocrx_word' id='word_1_169' title='bbox 432 2951 535 3005; x_wconf 90' lang='lat' dir='ltr'><strong>nodum</strong></span> <span class='ocrx_word' id='word_1_170' title='bbox 553 2952 657 3006; x_wconf 85' lang='lat' dir='ltr'><strong>solvere</strong></span> <span class='ocrx_word' id='word_1_171' title='bbox 676 2951 787 3007; x_wconf 87' lang='lat' dir='ltr'><strong>Gratiae</strong></span> 
     </span>
     <span class='ocr_line' id='line_1_38' title="bbox 293 3026 756 3100; baseline 0.004 -20"><span class='ocrx_word' id='word_1_172' title='bbox 293 3027 435 3095; x_wconf 81' lang='lat' dir='ltr'><strong>Viraeque</strong></span> <span class='ocrx_word' id='word_1_173' title='bbox 451 3026 604 3100; x_wconf 88' lang='lat' dir='ltr'><strong>producent</strong></span> <span class='ocrx_word' id='word_1_174' title='bbox 620 3028 756 3093; x_wconf 87' lang='lat' dir='ltr'><strong>lucernae,</strong></span> 
     </span>
     <span class='ocr_line' id='line_1_39' title="bbox 326 3099 865 3167; baseline 0.009 -12"><span class='ocrx_word' id='word_1_175' title='bbox 326 3101 401 3156; x_wconf 89' lang='lat' dir='ltr'><strong>Dum</strong></span> <span class='ocrx_word' id='word_1_176' title='bbox 418 3101 528 3155; x_wconf 87' lang='lat' dir='ltr'><strong>rediens</strong></span> <span class='ocrx_word' id='word_1_177' title='bbox 544 3099 622 3167; x_wconf 83' lang='lat' dir='ltr'><strong>fugat</strong></span> <span class='ocrx_word' id='word_1_178' title='bbox 639 3106 714 3158; x_wconf 85' lang='lat' dir='ltr'><strong>astra</strong></span> <span class='ocrx_word' id='word_1_179' title='bbox 732 3102 865 3160; x_wconf 80' lang='lat' dir='ltr'><strong>Phoebus</strong></span> 
     </span>
    </p>
   </div>
   <div class='ocr_carea' id='block_1_11' title="bbox 0 0 1142 3550">
    <p class='ocr_par' dir='ltr' id='par_1_13' title="bbox 0 0 1142 3550">
     <span class='ocr_line' id='line_1_40' title="bbox 0 0 1142 3550; baseline 0 4"><span class='ocrx_word' id='word_1_180' title='bbox 0 0 1142 3550; x_wconf 95' lang='lat' dir='ltr'><strong> </strong></span> 
     </span>
    </p>
   </div>
  </div>
 </body>
</html>
