2275 3550
132 152 179 202 136
398 150 560 199 -HORATII
578 151 708 198 FLAOCI

131 233 189 286 Gur
205 232 270 301 eget
287 230 414 300 indignus
431 231 576 300 qnisquam
593 236 623 284 te
641 230 748 285 diritol
784 231 876 295 Quare

48 323 52 331 ·
132 307 243 377 Templa
260 311 343 361 ruunt
360 307 474 375 antiqua
491 307 592 360 douml
629 306 693 369 Cur,
711 306 842 374 improbe,
859 323 939 362 carae

132 382 194 435 Non
212 382 316 450 aliquid
332 383 438 451 patriae
455 386 534 435 tanto
552 381 673 435 emetiris
690 383 806 435 acervo?
952 397 988 439 loo

132 456 187 511 Uni
203 459 330 510 nimirum
348 461 422 511 reete
440 457 491 510 tibi
510 474 620 526 semper
638 460 719 510 erunt
735 473 787 510 res

131 532 155 586 0
173 549 287 600 magnus
304 533 416 601 posthac
433 532 548 586 inimicis
566 533 654 585 risus!
690 531 798 585 Uterno

131 608 179 661 Ad
196 625 273 661 casus
291 608 388 661 dubios
406 608 474 661 fidet
492 607 544 663 sibi
562 607 681 661 certiusl
717 606 772 659 Hic
790 607 838 676 qui

132 682 260 736 Pluribus
277 683 400 737 adsuerit
417 687 539 737 mentem
556 697 710 751 corpusque
728 682 885 751 superbum,

63 825 65 830 .
132 759 178 812 An
196 759 243 828 qui
260 761 403 813 contentus
420 775 505 827 parvo
522 762 703 826 metuensque
720 757 808 810 futuri
950 772 985 814 ilo

132 834 167 887 In
183 850 250 902 pace
267 838 299 888 ut
316 834 425 903 sapiens
442 835 544 903 aptarit
561 833 659 886 idonea
676 832 769 887 bellol

131 909 191 972 Quo
209 909 295 977 magis
312 909 355 962 his
371 909 476 975 credas,
494 926 562 978 puer
580 908 653 961 hunc
669 924 721 975 ego
738 923 839 976 parvus
857 907 975 961 Ofellam

131 985 251 1053 Integris
268 985 365 1053 opibus
382 986 445 1038 novi
461 1001 516 1038 non
533 984 616 1037 latius
634 1000 715 1036 usum

132 1060 219 1123 Quam
236 1077 308 1115 nunc
325 1061 425 1115 accisis.
459 1060 563 1113 Videas
581 1062 687 1113 metato
703 1058 733 1112 iu
750 1059 838 1125 agello

24 1199 28 1205 Ι
131 1136 203 1189 Cum
218 1153 314 1205 pecore
330 1140 361 1190 ct
378 1136 468 1204 gnatis
484 1135 584 1189 fortem
601 1134 729 1188 mercede
746 1134 878 1200 colonum,
947 1150 984 1191 11⁵

131 1211 145 1237 “
153 1212 179 1264 N
181 1228 215 1266 on
234 1212 306 1280 ego,’'
319 1216 483 1278 narrantem,
497 1211 624 1264 “temere
642 1210 688 1263 edi
705 1208 767 1262 luoe
783 1210 905 1278 profesta

113 1333 116 1337 .
131 1286 287 1356 Quidquam
304 1292 414 1355 praeter
431 1288 490 1341 olus
507 1287 629 1340 fumosae
645 1301 708 1339 cum
725 1285 797 1354 pede
813 1300 922 1353 pernae.

132 1363 174 1416 Ac
191 1363 258 1416 mihi
275 1380 324 1416 seu
341 1363 451 1431 longum
468 1367 532 1430 post
548 1365 657 1428 tempus
675 1364 789 1414 venerat
806 1360 911 1428 hospes,

82 1473 91 1491 .
131 1437 194 1492 Sive
211 1454 323 1507 operum
341 1455 424 1492 vacuo
441 1441 537 1506 gratus
555 1437 667 1490 conviva
683 1452 735 1504 per
751 1435 867 1488 imbrem
889 1466 891 1471 ·

130 1512 250 1579 Vicinus,
268 1512 338 1566 bene
356 1516 416 1569 erat
434 1530 488 1565 non
505 1511 625 1580 piscibus
642 1511 711 1565 urbe
728 1512 832 1581 petitis,
945 1525 982 1567 lto

131 1589 186 1642 Sed
202 1589 276 1658 pullo
293 1592 377 1656 atque
395 1587 497 1653 haed03
515 1591 574 1641 tum
592 1587 704 1656 pensilis
721 1605 775 1641 uva
791 1585 924 1641 secundas
946 1620 948 1627 ‹

155 1668 167 1718 t
184 1681 241 1718 nux
258 1664 371 1718 ornabat
388 1680 496 1717 mensas
513 1679 575 1716 cum
593 1663 701 1731 duplico
718 1663 779 1718 ficu

123 1665 198 1805 &ost
215 1741 266 1795 hoo
282 1740 363 1795 ludus
381 1742 442 1795 erat
459 1740 538 1808 culpa
554 1742 652 1808 potare
669 1734 821 1821 magistra-,j

131 1818 174 1871 Ac
190 1821 320 1872 venerata
337 1818 421 1872 (teres
438 1817 479 1870 ita
495 1815 585 1870 culmo
603 1820 729 1883 surgeret
745 1815 809 1881 alto,

130 1892 268 1961 Explicuit
284 1894 346 1948 vino
363 1895 518 1947 contractae
535 1892 609 1945 seria
625 1891 730 1945 frontis.
945 1904 980 1944 125

130 1968 239 2023 Saeviet
256 1973 340 2037 atque
357 1985 440 2023 novos
457 1970 565 2021 moveat
584 1968 708 2021 Fortuna
724 1964 865 2031 tumultus,

130 2044 268 2108 Quantum
277 2045 339 2098 hinc
347 2045 508 2098 imminuet?
525 2043 632 2107 Quanto
639 2046 687 2095 aut
694 2058 745 2109 ego
752 2041 860 2109 parcius
868 2043 980 2108 autres,

130 2119 153 2171 0
171 2121 257 2187 pueri,
275 2120 395 2173 nituistis
411 2122 444 2172 ut
461 2118 514 2171 huc
531 2133 616 2170 novus
633 2117 721 2169 incola
738 2116 833 2169 venitl

128 2193 155 2246 N
156 2209 201 2246 am
217 2195 343 2261 propriae
360 2194 467 2247 telluris
484 2193 582 2245 herum
599 2196 698 2244 natura
715 2207 805 2258 neque
821 2180 907 2244 illurn*¹

128 2267 155 2320 N
157 2284 187 2321 ec
204 2284 249 2321 me
265 2284 314 2321 nec
331 2263 496 2335 quemquam
513 2266 625 2320 statuit:
642 2281 692 2317 nos
709 2265 814 2330 expulit
831 2265 893 2330 ille;
946 2280 982 2322 tao

129 2342 212 2396 lllum
227 2346 276 2396 aut
292 2341 429 2409 nequities
446 2343 494 2394 aut
511 2339 580 2392 vafri
597 2339 704 2392 inscitia
717 2339 798 2405 juris,

128 2418 301 2472 Postremum
318 2416 438 2484 expellet
455 2418 531 2469 certe
547 2414 667 2479 ‚vivacior
683 2414 772 2467 heres.

127 2493 154 2546 N
155 2509 208 2546 unc
224 2510 291 2561 ager
307 2490 441 2545 Umbreni
458 2491 510 2544 sub
527 2489 643 2558 nomine,
660 2505 748 2558 nuper
767 2488 871 2543 Ofellae

127 2565 232 2637 Dictus,
249 2568 303 2621 erit
320 2566 387 2619 nulli
404 2567 537 2635 proprius,
556 2565 606 2619 sed
624 2565 705 2618 cedet
721 2565 750 2618 in
767 2581 847 2618 usum

127 2643 153 2697 N
155 2661 208 2697 uno
225 2643 293 2697 mihi
310 2658 381 2696 nunc
398 2642 451 2697 alii.
488 2641 619 2705 Quocirca
635 2640 720 2694 vivite
736 2640 823 2695 fortes
944 2656 979 2697 1³5

127 2719 276 2789 Fortiaquo
293 2717 414 2772 adversis
432 2718 561 2787 opponite
579 2719 691 2787 pectora
708 2715 811 2771 rebus.”

525 2855 583 2910 ΙΙΙ.

126 2942 195 2997 “Sro
212 2960 275 2998 raro
292 2942 394 3012 scribis,
411 2946 444 2997 ut
460 2947 520 2998 toto
537 2962 592 2997 non
610 2948 708 3013 quater
724 2962 795 2999 anno
812 2972 823 2993 ι

126 3017 314 3074 Membranam
331 3036 432 3088 poscas,
452 3022 614 3088 scriptorum
631 3037 757 3089 quaeque
773 3023 910 3089 retexens,

126 3092 219 3147 Iratus
236 3095 289 3148 tibi
307 3094 381 3163 quod
397 3095 454 3148 vini
473 3096 614 3163 somnique
631 3094 766 3165 benignus

125 3165 174 3219 Nil
190 3167 303 3237 dignum
320 3186 443 3225 sermono
461 3186 547 3225 canas,
583 3170 657 3235 Quid
674 3172 741 3225 fieti
774 3173 817 3225 At
832 3168 899 3239 ipsis
