2275 3550
141 200 188 247 190
414 196 567 245 HORATII
584 196 716 245 FLACCI

140 275 233 332 Dente
249 277 383 341 lacessiti;
405 277 459 330 fuit
476 276 588 330 intactis
606 292 716 345 quoque
737 292 805 331 cura

141 352 304 407 Conditiouc
323 369 404 421 super
421 353 575 417 communi;
602 352 771 420 quinetiam
789 353 854 408 lex.

141 427 288 497 Poenaque
305 428 362 481 lata
380 427 451 480 malo
469 444 540 495 quac
557 426 644 479 nollet
662 426 782 478 carmine
800 442 969 496 quemquam

140 502 280 569 Describi3
304 506 413 556 vertere
431 501 550 566 modum,
568 501 713 554 formidine
730 500 814 555 fustis

140 579 188 633 Ad
206 579 277 632 bene
296 578 444 632 dicendum
462 577 709 645 delectandumque
727 576 839 632 redacti.
857 601 861 612 ·
962 594 1003 635 155

140 654 255 708 Graecia
272 658 353 723 capta
369 655 459 708 ferum
477 654 609 708 victorem
625 652 700 720 cepit
717 655 747 706 et
764 656 838 706 artes

140 730 240 784 Intulit
258 730 360 798 agresti
379 730 474 794 Lati03
498 729 537 783 sic
554 728 683 796 horridus
701 728 748 781 ille

139 804 264 860 Deduxit
281 822 411 859 uumerus
430 805 575 859 Saturnius
594 809 623 858 et
641 821 725 872 grave
742 804 817 857 virus

139 880 295 936 Munditiae
312 881 458 950 pepulere;
483 880 532 933 sed
549 881 579 933 iu
596 879 706 948 longum
724 882 817 932 tamen
835 895 932 933 aevum
1013 873 1022 889 ¹

139 956 301 1011 Mauserunt
319 956 455 1025 hodieque
472 958 584 1010 manent
596 955 717 1022 uestigia
733 955 812 1008 ruris.
959 972 998 1010 mo

139 1033 223 1087 Serus
240 1034 313 1088 enim
331 1033 443 1087 Graecis
459 1031 583 1086 admovit
601 1032 725 1085 acumina
742 1030 851 1099 chartis,

139 1108 177 1163 Et
193 1114 257 1178 post
274 1109 377 1163 Punica
393 1108 466 1162 bella
483 1108 593 1176 quietus
611 1123 743 1175 quaerere
760 1108 852 1175 eoepit

139 1184 215 1249 Quid
232 1185 379 1255 Sophocles
396 1188 426 1238 et
438 1184 553 1252 Thespis
571 1186 601 1236 et
614 1182 764 1251 Aeschylus
781 1182 850 1236 utile
867 1182 983 1241 ferrent

139 1260 266 1315 'lentavit
284 1278 392 1330 quoque
409 1276 475 1328 rem,
493 1259 516 1311 si
534 1258 617 1324 digne
634 1262 743 1311 vertere
760 1262 861 1327 posset,

139 1336 177 1390 Bt
193 1337 296 1405 placuit
313 1337 374 1404 sibi,
391 1339 491 1394 natura
508 1334 632 1387 sumeis
649 1337 680 1387 et
696 1350 775 1399 acer;
957 1349 994 1390 lca
1069 1336 1072 1342 '

76 1411 79 1414 ’
139 1412 212 1466 Nam
231 1413 318 1481 spirat
335 1413 471 1480 tragicum
490 1411 557 1463 satis
575 1412 605 1463 et
620 1409 738 1462 feliciter
747 1408 847 1478 audet,

139 1488 197 1541 Sed
214 1492 324 1556 turpem
342 1490 423 1554 putat
439 1485 538 1538 inseite
555 1485 710 1553 metuitque
728 1485 855 1538 lituram·

139 1563 269 1617 Creditur
286 1578 321 1615 es
338 1561 430 1615 mcdio
448 1561 512 1628 quia
528 1576 575 1613 res
592 1561 706 1614 arcessit
722 1559 826 1613 habere

138 1638 254 1693 Sudoris
270 1637 420 1704 minimum,
437 1636 489 1690 sed
506 1635 592 1690 habet
608 1635 749 1689 comoedia
765 1639 845 1689 tanto

139 1715 206 1769 Plus
217 1714 306 1769 oneris
319 1716 421 1783 quauta
433 1712 529 1766 veniae
540 1712 637 1765 minus.
668 1711 797 1780 Adspice,
811 1710 927 1764 Plautus
956 1725 991 1764 uo

139 1792 200 1857 Quo
217 1796 298 1862 pacto
315 1794 410 1860 partes
428 1793 536 1843 tutetur
554 1788 672 1842 amantis
688 1787 795 1857 ephebi,

138 1868 179 1922 Ut
196 1869 283 1937 patris
301 1867 409 1933 attenti,
428 1865 532 1919 lenonis
549 1869 582 1918 ut
599 1864 737 1929 insidiosi;

139 1944 264 2009 Quantus
281 1944 319 1997 sit
337 1942 495 1996 Dossennus
512 1940 643 1994 edacibus
660 1940 689 1992 in
706 1938 841 2008 parasitis,

63 2045 66 2050 ·
140 2020 228 2085 Quam
244 2037 300 2075 non
318 2018 449 2072 adstricto
467 2020 610 2086 percurrat
627 2015 733 2084 pulpita
751 2030 843 2079 socco;

139 2097 231 2151 Gestit
243 2096 314 2150 euim
326 2110 467 2147 nummum
479 2093 507 2145 in
518 2091 620 2145 loculos
632 2091 787 2157 demittere,
800 2094 864 2158 post
876 2089 929 2144 hoc
955 2104 989 2144 175

139 2173 257 2227 Secruus
274 2171 356 2226 cadat
373 2186 409 2223 an
426 2173 503 2222 recto
521 2172 577 2222 stet
594 2167 686 2221 fabula
703 2166 767 2221 talo.

139 2250 227 2314 Quem
245 2247 310 2301 tulit
326 2245 363 2299 ad
381 2261 490 2298 scenam
506 2247 620 2297 ventoso
638 2243 732 2296 Gloria
748 2259 831 2296 curru

139 2324 285 2378 Exanimat
302 2322 393 2375 lentus
412 2322 557 2387 spectator,
577 2318 689 2372 sedulus
707 2318 800 2372 inflat:

139 2400 184 2453 Sic
202 2399 270 2466 leve,
289 2398 328 2451 sie
345 2411 459 2465 parvum
477 2398 527 2461 est,
545 2395 665 2447 animum
681 2393 758 2462 quod
773 2393 862 2447 laudis
876 2410 987 2447 ararum

139 2475 254 2530 Subruit
270 2477 320 2527 aut
336 2470 432 2526 reficit.
467 2469 568 2523 Valeat
586 2486 630 2523 res
648 2470 753 2523 ludicra
770 2469 793 2522 si
811 2486 855 2523 me
955 2484 987 2522 rso

140 2551 235 2605 Palma
251 2552 351 2617 negata
368 2562 496 2614 macrum,
515 2545 617 2599 donata
633 2545 742 2604 reducit
758 2545 887 2613 opimum.

139 2628 226 2697 Saepe
244 2626 328 2680 etiam
345 2623 477 2676 audacem
494 2621 572 2689 fugat
590 2620 641 2674 hoc
659 2624 801 2689 terretque
819 2624 937 2689 poetam,

139 2703 219 2768 Quod
236 2715 349 2756 numero
366 2698 466 2766 plures,
485 2697 589 2750 virtute
606 2700 635 2750 et
652 2696 754 2750 honore
771 2696 898 2763 minores,

139 2779 248 2833 indocti
265 2775 420 2843 stolidique,
437 2777 468 2827 et
485 2772 643 2841 depugnare
661 2772 751 2841 parati

138 2855 168 2908 si
187 2853 327 2909 discordet
344 2866 435 2918 eques,
454 2848 545 2901 media
562 2849 637 2901 iuter
653 2849 774 2901 carmina
791 2851 908 2916 poscunt
956 2861 987 2901 18⁵

138 2934 198 2984 Aut
213 2946 310 2983 ursum
327 2930 375 2981 aut
391 2923 512 2994 pugiles3
535 2924 579 2976 his
596 2940 659 2976 nam
677 2922 820 2992 plebecula
836 2922 950 2990 plaudit.

138 3007 243 3059 Verum
260 3004 362 3073 equitis
380 3016 488 3070 quoque
502 2999 562 3067 jam
580 2999 708 3066 migravit
725 2998 762 3051 ab
779 3015 845 3052 aure
863 2998 986 3066 voluptas

137 3081 234 3133 Omnis
250 3081 287 3133 ad
304 3080 423 3132 incertos
440 3075 531 3129 oculos
549 3077 579 3127 ct
595 3073 697 3140 gaudia
714 3090 791 3126 vana.

138 3155 275 3217 Quattuor
291 3159 341 3208 aut
357 3154 450 3221 plures
467 3151 562 3203 aulaea
579 3150 742 3216 premuntur
759 3149 788 3200 in
805 3148 894 3214 horas,

137 3228 211 3281 Dum
222 3231 332 3296 lugiunt
343 3229 466 3294 equitum
478 3230 585 3277 turmae
596 3222 776 3289 peditumque
788 3227 929 3283 catervam
954 3237 985 3275 loc
