2275 3550
410 187 626 237 SATIRARUM
642 189 679 237 II.
698 188 721 239 7.
944 189 993 235 ’153

146 265 222 331 Quae
239 269 334 336 procul
352 268 498 323 exstructis
514 268 624 323 inerant
640 269 768 322 hesterna
785 267 917 322 canistris
959 279 995 321 ros

145 341 218 410 Ergo
235 342 284 396 ubi
300 358 437 412 purpurea
453 347 609 411 porrectum
626 344 655 397 in
672 347 749 397 vesto
765 344 865 398 locarit

146 418 301 485 Agrestem,
319 418 404 472 ueluti
423 421 576 474 succinctus
593 420 708 473 cursitat
724 420 822 488 hospes

145 492 350 562 continuatque
367 494 454 563 dapes
470 511 521 548 nec
538 512 592 548 non
609 495 750 569 verniliter
766 494 834 563 ipsis

113 630 118 639 Ι
145 566 282 636 Fungitur
299 569 400 636 officiis,
417 570 607 638 praelambens
624 587 704 624 omne
721 570 796 638 quod
813 569 900 624 affert,

92 674 105 719 ,‘
145 641 199 696 Ille
216 643 318 697 cubans
335 645 440 712 gaudet
456 648 561 700 mumta
579 649 654 700 sorte
671 645 804 714 bonisque
960 658 995 698 ne

145 718 241 772 Rebus
257 721 315 787 agit
332 720 435 774 laetum
453 721 600 790 convivam,
616 738 679 776 cum
696 721 787 775 subito
804 721 901 789 iugens

145 793 294 847 Valvarum
312 797 445 863 strepitus
462 796 541 850 lectis
558 796 679 851 excussit
694 799 849 865 utrumque.

146 868 264 923 Currere
281 887 332 939 per
348 874 438 925 totum
455 872 546 940 pavidi
564 872 698 935 conclave,
715 872 856 940 magisque

145 944 292 1008 Exanimes
309 947 450 1015 trepidare
467 948 546 1001 simul
564 947 662 1001 domus
679 947 735 1001 alta
752 946 879 1000 Molossis
1087 1004 1089 1011 ,

72 1089 76 1098 Ι
146 1020 293 1075 Personuit
304 1022 424 1077 canibus.
459 1023 527 1076 'lum
539 1024 671 1078 rusticus:
691 1022 789 1076 ‘Haud
799 1021 866 1075 mihi
878 1021 936 1074 rita
961 1036 994 1075 us

145 1095 198 1149 Est
214 1112 283 1165 opus
299 1096 364 1165 hac,'
382 1098 429 1165 ait,
447 1098 489 1151 ‘et
505 1099 610 1163 valeas3
627 1114 672 1151 me
689 1098 757 1150 silva
773 1113 910 1166 carusque

146 1170 234 1225 'lutus
251 1171 287 1224 ab
304 1171 411 1225 insidiis
428 1172 505 1227 tenui
522 1173 655 1227 solabitur
672 1171 772 1226 erro.''’

535 1315 605 1369 VII.
693 1340 697 1352 -

147 1393 331 1450 “Jauounuar
348 1397 471 1452 ausculto
489 1400 519 1452 et
535 1398 647 1468 cupiens
664 1397 716 1452 tibi
734 1397 825 1451 dicere
843 1412 936 1450 servus

148 1470 239 1523 Pauca
252 1472 421 1526 reformido.''
457 1472 638 1527 “Davusnet''
673 1473 747 1538 “Ita,
763 1473 862 1535 Davus,
878 1471 994 1525 amicum

147 1545 314 1614 Mancipium
331 1547 441 1601 domino
458 1550 487 1602 et
504 1548 577 1616 frugi
594 1548 669 1618 quod
686 1548 723 1601 sit
741 1549 813 1615 satis,
831 1548 883 1601 hoc
900 1549 951 1613 est,

147 1620 189 1673 Ut
205 1620 288 1675 vitale
304 1623 406 1691 putes.”
443 1623 528 1692 “Age,
546 1623 677 1678 libertate
694 1623 847 1690 Decembri,

149 1694 263 1759 Quando
280 1696 321 1750 ita
336 1698 456 1766 majores
473 1699 626 1765 voluerunt,
645 1703 738 1764 utere3
754 1698 856 1752 narra?
983 1711 996 1751 s

148 1770 237 1826 “Pars
253 1771 393 1827 homiuum
409 1775 485 1829 vitiis
501 1775 606 1842 gaudet
622 1779 779 1829 constanter
796 1777 827 1829 et
843 1777 926 1842 urget

149 1846 336 1916 Propositum;
353 1865 417 1915 pars
434 1849 522 1903 multa
538 1853 623 1916 natat,
640 1850 721 1902 modo
738 1852 814 1902 recta
831 1862 983 1916 capessens,

149 1922 295 1976 Interdum
312 1923 403 1990 pravis
421 1923 543 1977 obnoxia.
579 1925 667 1991 Saepe
683 1927 794 1977 notatus

150 1996 219 2051 Cum
237 1997 326 2051 trihus
343 1998 465 2066 annellis,
482 1999 563 2052 modo
581 2000 659 2052 laeva
677 1999 787 2052 Priscus
803 1996 886 2064 inani,

149 2073 230 2126 Vixit
246 2072 403 2142 inaequalis,
421 2074 525 2142 clarum
543 2077 576 2127 ut
592 2076 713 2128 mutaret
730 2072 759 2125 in
775 2072 864 2137 horas,
976 2084 998 2124 lo

150 2147 330 2202 Aedibus-ex
350 2149 456 2218 magnis
474 2149 564 2204 subito
582 2165 612 2203 se
630 2148 768 2214 conderet,
785 2147 859 2201 unde

151 2223 281 2277 Mundior
298 2223 388 2279 exiret
405 2225 451 2279 vix
468 2224 613 2279 libertinus
630 2225 757 2288 honeste;

151 2299 169 2352 J
171 2316 215 2353 am
232 2301 361 2355 moechus
378 2302 489 2366 Romae,
504 2300 563 2368 jam
583 2299 677 2354 mallet
697 2299 794 2352 doctus
811 2296 930 2351 Athenis

151 2374 260 2446 Vivere,
278 2375 445 2443 Vertumnis,
464 2379 599 2445 quotquot
616 2378 687 2442 sunt,
704 2377 784 2427 natus
801 2373 910 2440 iniquis,

152 2451 251 2505 Scurra
267 2451 436 2519 Volanerius,
454 2455 599 2519 postquam
616 2450 656 2503 illi
670 2449 748 2517 justa
765 2449 896 2516 cheragra
976 2459 1000 2500 15

153 2526 285 2582 Contudit
302 2527 437 2595 articulos,
456 2527 503 2596 qui
519 2541 571 2594 pro
588 2542 618 2579 se
634 2525 745 2579 tolleret
761 2526 845 2592 atque

153 2602 280 2657 Mitteret
296 2602 326 2656 in
342 2603 465 2672 phimum
482 2600 559 2670 talos,
577 2599 704 2654 mercede
721 2598 819 2653 diurna

154 2677 324 2731 Conductum
341 2678 432 2746 parit}
449 2680 553 2746 quanto
569 2675 738 2730 constantior
753 2674 843 2728 isdem

119 2816 123 2824 δ
154 2753 188 2807 In
205 2753 286 2820 vitiis,
304 2757 381 2806 tanto
398 2753 485 2806 levius
501 2752 586 2805 miser
603 2767 635 2804 ac
651 2750 726 2820 prior
742 2749 797 2818 illo,

155 2828 207 2893 Qui
219 2829 279 2896 jam
297 2831 432 2896 contento,
446 2827 505 2894 jam
521 2828 584 2880 laxo
602 2827 666 2879 fune
683 2824 813 2878 laborat.''
977 2838 1001 2878 ao

155 2904 199 2957 “N
201 2919 237 2956 on
254 2903 330 2958 dices
346 2902 436 2968 hodic,
455 2917 585 2970 quorsum
602 2901 670 2955 haec
686 2905 743 2955 tam
763 2900 860 2969 putida
876 2898 1001 2964 tendant,

155 2978 309 3034 Furciferl'’
344 2978 409 3032 “Ad
425 2980 462 3045 te,
479 2976 613 3045 inquam.'’
651 2976 732 3041 “Quo
749 2978 837 3045 pacto,
852 2973 1001 3043 pessimel‘’

223 3053 351 3107 “Laudas

157 3128 305 3183 Fortunam
322 3131 352 3182 et
368 3143 458 3180 mores
474 3127 604 3194 antiquae
620 3124 717 3196 plebis,
735 3127 765 3177 et
781 3122 856 3177 idem

158 3204 186 3259 Si
203 3204 264 3272 quis
281 3202 319 3258 ad
334 3202 382 3257 illa
399 3202 469 3257 deus
486 3202 576 3256 subito
592 3205 623 3255 te
640 3203 704 3268 agat
720 3215 808 3267 usque
825 3214 943 3264 recuses,
