2275 3550
11 185 16 197 '
104 201 150 247 iao
236 233 239 237 ,
372 195 527 245 nonani
544 195 674 245 nancei

103 277 151 333 Ad
167 276 287 333 mediam
304 268 413 329 noctem
431 278 575 344 exspecto:
594 291 705 330 somnus
721 278 815 331 tamen
832 279 923 333 aufert

103 353 244 407 lutentum
262 351 373 416 veneri3
390 351 450 405 tum
468 351 609 404 immundo
628 352 732 406 somnia
749 346 811 406 visu

103 428 270 484 Nocturnam
287 430 392 480 vestem
410 427 548 481 maculant
565 431 746 495 ventremque
763 429 897 496 supinum
931 444 957 485 85

102 503 239 567 Quattuor
255 502 317 556 hine
333 501 456 571 rapimur
473 502 570 570 viginti
588 508 618 556 et
634 501 720 556 millia
737 504 840 572 rhedis,

101 574 226 633 Mansuri
243 578 373 646 oppidulo
391 577 466 647 quod
482 594 565 632 versu
583 578 675 632 dicere
692 593 746 632 nou
764 582 816 646 est,

101 655 191 723 Signis
202 653 337 722 perfacile
354 657 415 708 estc
434 654 511 708 veuit
528 654 660 707 vilissima
676 669 771 708 rerum

101 730 156 784 Hic
173 746 262 799 aqua;
279 728 329 783 sed
346 730 424 798 panis
441 728 522 796 longe
539 729 749 798 pulcherrimus,
765 730 841 784 ultra

102 806 222 860 Callidus
239 808 272 858 ut
289 804 376 859 soleat
394 805 515 858 humeris
531 808 643 871 portare
660 804 766 870 viator3
930 821 956 862 cc

101 881 128 935 N
129 898 173 935 am
192 881 292 935 Canusi
308 880 455 948 lapidosus,
474 896 562 947 aquae
579 895 634 932 non
652 879 738 934 ditior
754 896 824 934 uma

102 957 155 1021 Qui
172 958 246 1011 loeus
263 973 280 1010 a
297 956 362 1010 forti
380 954 514 1009 Diomede
531 958 576 1009 est
593 954 720 1009 conditus
737 955 810 1009 olim.

101 1032 246 1087 Flentibus
263 1032 326 1085 hinc
343 1030 445 1084 Varius
463 1030 581 1085 discedit
597 1035 719 1085 maestus
736 1031 839 1085 amicis.

101 1107 171 1171 Inde
190 1108 285 1161 Rubos
302 1107 366 1161 fessi
383 1106 565 1174 pervenimus,
583 1110 680 1174 utpote
697 1106 810 1174 longum

101 1183 252 1252 (terpentes
269 1183 324 1237 iter
342 1185 371 1236 et
388 1182 491 1236 iactum
508 1182 664 1250 corruptius
680 1181 770 1235 imbri.
929 1196 954 1237 ss

104 1258 220 1313 Postera
236 1262 388 1326 tempestas
405 1258 509 1324 melior,
526 1257 572 1311 ria
588 1257 668 1325 pejor
685 1257 827 1326 adusque

100 1334 165 1387 Bari
183 1335 291 1388 moenia
307 1333 423 1401 piscosi;
440 1332 505 1386 dein
523 1332 625 1387 Gnatia
643 1331 778 1400 Lymphis

100 1409 184 1462 Iratis
202 1412 342 1462 exstructa
360 1407 439 1461 dedit
456 1408 583 1476 risusque
595 1406 734 1477 jocosque,
787 1452 794 1469 ,

98 1482 173 1536 Dum
190 1484 298 1537 flamma
315 1483 374 1537 sine
391 1483 473 1535 thura
490 1482 641 1550 liquescere
657 1482 750 1536 limine
774 1499 871 1561 sacro,¹

99 1559 269 1625 Persuadere
286 1560 368 1627 eupit.
404 1558 507 1612 Credat
525 1558 544 1611 J
546 1558 652 1612 udaeus
671 1559 778 1628 Apella,
917 1573 952 1613 roo

98 1634 125 1687 N
127 1651 161 1687 on
179 1651 246 1702 ego:
270 1650 389 1702 namque
407 1633 474 1687 deos
493 1633 577 1687 didici
596 1650 721 1689 securum
739 1651 822 1702 agere
839 1649 943 1703 aarum,

98 1709 124 1762 N
126 1726 157 1763 ec
173 1710 198 1763 si
216 1710 281 1779 qnid
300 1709 362 1763 miri
379 1709 464 1763 faeiat
481 1713 581 1763 natura
598 1710 665 1763 deos
681 1710 712 1764 id

98 1786 203 1840 Tristes
220 1803 254 1840 ex
272 1786 327 1840 alto
345 1786 413 1841 caeli
431 1785 579 1841 demittere
596 1790 676 1842 tecto.

96 1861 278 1916 Brundisium
295 1863 391 1932 longae
408 1862 471 1916 finis
488 1862 653 1932 chartaeque
670 1862 786 1932 viaeque
803 1865 853 1917 est

96 2088 161 2143 Nor
178 2092 249 2159 quia,
268 2092 421 2158 Maecenas,
439 2089 578 2157 Lydorum
596 2086 732 2157 quidquid
749 2087 879 2141 Etruscos

96 2164 214 2218 Ineoluit
231 2167 299 2217 fines
315 2182 397 2218 nemo
414 2164 571 2231 generosior
587 2166 631 2216 est
647 2167 684 2229 te,

95 2239 122 2291 N
124 2256 155 2292 ec
172 2239 246 2306 quod
263 2255 330 2291 arus
348 2239 400 2292 tibi
417 2243 557 2291 maternus
575 2238 629 2289 fuit
647 2240 731 2303 atquc
747 2238 880 2303 paternus

95 2312 168 2367 Olim
186 2313 234 2381 qui
251 2313 357 2379 magnis
374 2311 526 2379 legionibus
543 2310 740 2376 imperitarent,

95 2386 135 2443 Ut
151 2389 274 2457 plerique
292 2388 386 2453 solent,
404 2403 469 2440 naso
487 2385 629 2453 suspendis
647 2383 752 2436 adunco
938 2404 951 2442 t

95 2464 214 2531 Ignotos,
232 2466 265 2517 ut
281 2479 326 2516 me
342 2462 471 2517 libertino
488 2465 567 2530 patre
584 2463 686 2512 natum.

94 2538 163 2592 Cum
180 2538 284 2592 referre
301 2554 386 2606 negas
403 2537 476 2606 quali
495 2536 532 2589 sit
549 2535 665 2603 quisque
682 2534 798 2601 parente

94 2614 184 2667 Natus
203 2614 269 2667 dum
286 2614 428 2682 ingennus,
446 2612 596 2683 persuades
613 2610 664 2663 hoc
682 2608 733 2663 tibi
751 2624 824 2674 vere,

94 2692 171 2743 Ante
187 2694 354 2758 potestatem
372 2689 443 2743 Tulli
460 2692 544 2756 atque
560 2686 679 2755 ignobile
696 2701 812 2753 reguum

95 2764 197 2819 Multos
214 2781 298 2835 saepe
315 2766 387 2819 viros
405 2765 487 2818 nullis
504 2762 655 2830 majoribus
675 2764 750 2815 ortos
934 2781 955 2819 ro

94 2839 130 2895 ut
149 2841 249 2894 vixisse
265 2841 366 2911 probos
383 2841 481 2909 amplis
499 2844 529 2894 et
545 2838 693 2892 honoribus
710 2838 823 2899 anctos3

94 2916 194 2970 Ooutra
213 2916 369 2984 Laevinum,
389 2917 483 2970 Valeri
501 2931 588 2983 genus
604 2913 678 2966 unde
697 2910 830 2979 superbus

94 2988 254 3060 Tarquinius
271 3010 355 3059 regno
374 2993 468 3061 pulsus
486 2992 564 3057 fugit,
582 2989 662 3041 unius
680 2988 748 3040 assis

93 3061 117 3116 N
121 3081 155 3117 on
172 3083 292 3135 unquam
309 3069 401 3135 pretio
418 3067 504 3136 pluris
521 3066 638 3131 licuisse,
657 3066 772 3116 notante
944 3123 949 3132 ι

93 3136 192 3192 Judiee
209 3159 263 3209 quo
281 3143 354 3196 nosti
371 3143 479 3212 populo,
498 3140 545 3209 qui
564 3139 664 3192 stultus
682 3138 798 3189 honores
920 3150 944 3189 15

92 3208 179 3281 Saepe
197 3214 246 3270 dat
262 3217 382 3287 indignis
398 3222 429 3273 et
443 3219 534 3271 famae
551 3214 637 3268 seruit
653 3213 770 3282 ineptus,
