<?xml version="1.0" encoding="UTF-8"?>
<!DOCTYPE html PUBLIC "-//W3C//DTD XHTML 1.0 Transitional//EN"
    "http://www.w3.org/TR/xhtml1/DTD/xhtml1-transitional.dtd">
<html xmlns="http://www.w3.org/1999/xhtml" xml:lang="en" lang="en">
 <head>
  <title>
</title>
<meta http-equiv="Content-Type" content="text/html;charset=utf-8" />
  <meta name='ocr-system' content='tesseract 3.04.00' />
  <meta name='ocr-capabilities' content='ocr_page ocr_carea ocr_par ocr_line ocrx_word'/>
</head>
<body>
  <div class='ocr_page' id='page_1' title='image "./quintihoraticfl00maclgoog_0121.png"; bbox 0 0 2275 3550; ppageno 0'>
   <div class='ocr_carea' id='block_1_1' title="bbox 448 195 1021 247">
    <p class='ocr_par' dir='ltr' id='par_1_1' title="bbox 448 195 1021 247">
     <span class='ocr_line' id='line_1_1' title="bbox 448 195 1021 247; baseline 0.002 -2"><span class='ocrx_word' id='word_1_1' title='bbox 448 195 663 245; x_wconf 66' lang='lat' dir='ltr'><strong>samareum</strong></span> <span class='ocrx_word' id='word_1_2' title='bbox 679 195 704 243; x_wconf 92' lang='grc' dir='ltr'><strong>Ι.</strong></span> <span class='ocrx_word' id='word_1_3' title='bbox 723 196 746 244; x_wconf 84' lang='lat' dir='ltr'><strong>l.</strong></span> <span class='ocrx_word' id='word_1_4' title='bbox 850 220 854 223; x_wconf 95' lang='lat'>·</span> <span class='ocrx_word' id='word_1_5' title='bbox 976 199 1021 247; x_wconf 82' lang='lat'><strong>10⁵</strong></span> 
     </span>
    </p>
   </div>
   <div class='ocr_carea' id='block_1_2' title="bbox 172 270 1027 3192">
    <p class='ocr_par' dir='ltr' id='par_1_2' title="bbox 172 270 839 345">
     <span class='ocr_line' id='line_1_2' title="bbox 172 270 839 345; baseline 0.009 -20"><span class='ocrx_word' id='word_1_6' title='bbox 172 270 241 327; x_wconf 83' lang='lat' dir='ltr'><strong>Sese</strong></span> <span class='ocrx_word' id='word_1_7' title='bbox 257 272 339 341; x_wconf 83' lang='lat' dir='ltr'><strong>ferro,</strong></span> <span class='ocrx_word' id='word_1_8' title='bbox 358 284 437 329; x_wconf 84' lang='lat' dir='ltr'><strong>senes</strong></span> <span class='ocrx_word' id='word_1_9' title='bbox 453 273 531 329; x_wconf 84' lang='lat' dir='ltr'><strong>utin</strong></span> <span class='ocrx_word' id='word_1_10' title='bbox 548 277 605 330; x_wconf 89' lang='lat' dir='ltr'><strong>otia</strong></span> <span class='ocrx_word' id='word_1_11' title='bbox 621 280 684 330; x_wconf 85' lang='lat' dir='ltr'><strong>tuta</strong></span> <span class='ocrx_word' id='word_1_12' title='bbox 700 276 839 345; x_wconf 84' lang='lat' dir='ltr'><strong>reoedant,</strong></span> 
     </span>
    </p>

    <p class='ocr_par' dir='ltr' id='par_1_3' title="bbox 172 344 1022 795">
     <span class='ocr_line' id='line_1_3' title="bbox 172 344 885 419; baseline 0.008 -19"><span class='ocrx_word' id='word_1_13' title='bbox 172 346 269 415; x_wconf 84' lang='lat' dir='ltr'><strong>Aiunt,</strong></span> <span class='ocrx_word' id='word_1_14' title='bbox 288 366 373 418; x_wconf 91' lang='lat' dir='ltr'><strong>quum</strong></span> <span class='ocrx_word' id='word_1_15' title='bbox 390 344 443 403; x_wconf 83' lang='lat' dir='ltr'>sibi</span> <span class='ocrx_word' id='word_1_16' title='bbox 460 351 517 404; x_wconf 85' lang='lat' dir='ltr'><strong>sint</strong></span> <span class='ocrx_word' id='word_1_17' title='bbox 534 354 663 419; x_wconf 83' lang='lat' dir='ltr'><strong>congesta</strong></span> <span class='ocrx_word' id='word_1_18' title='bbox 680 352 794 407; x_wconf 80' lang='lat' dir='ltr'><strong>cibaria:</strong></span> <span class='ocrx_word' id='word_1_19' title='bbox 814 353 885 406; x_wconf 86' lang='lat' dir='ltr'><strong>sieut</strong></span> 
     </span>
     <span class='ocr_line' id='line_1_4' title="bbox 173 421 947 495; baseline 0.006 -19"><span class='ocrx_word' id='word_1_20' title='bbox 173 421 297 491; x_wconf 79' lang='lat' dir='ltr'><strong>Parvula,</strong></span> <span class='ocrx_word' id='word_1_21' title='bbox 316 442 379 478; x_wconf 89' lang='lat' dir='ltr'><strong>nam</strong></span> <span class='ocrx_word' id='word_1_22' title='bbox 397 425 521 492; x_wconf 81' lang='lat' dir='ltr'><strong>exemplo</strong></span> <span class='ocrx_word' id='word_1_23' title='bbox 539 430 590 494; x_wconf 80' lang='lat' dir='ltr'><strong>est,</strong></span> <span class='ocrx_word' id='word_1_24' title='bbox 608 427 698 495; x_wconf 83' lang='lat' dir='ltr'><strong>magni</strong></span> <span class='ocrx_word' id='word_1_25' title='bbox 716 428 829 481; x_wconf 82' lang='lat' dir='ltr'><strong>formica</strong></span> <span class='ocrx_word' id='word_1_26' title='bbox 845 427 947 481; x_wconf 90' lang='lat' dir='ltr'><strong>laboris</strong></span> 
     </span>
     <span class='ocr_line' id='line_1_5' title="bbox 172 494 962 571; baseline 0.005 -19"><span class='ocrx_word' id='word_1_27' title='bbox 172 494 230 553; x_wconf 78' lang='lat' dir='ltr'><strong>Ore</strong></span> <span class='ocrx_word' id='word_1_28' title='bbox 247 500 334 553; x_wconf 88' lang='lat' dir='ltr'><strong>trahit</strong></span> <span class='ocrx_word' id='word_1_29' title='bbox 352 501 533 569; x_wconf 82' lang='lat' dir='ltr'><strong>quodcunque</strong></span> <span class='ocrx_word' id='word_1_30' title='bbox 549 506 642 569; x_wconf 89' lang='lat' dir='ltr'><strong>potest</strong></span> <span class='ocrx_word' id='word_1_31' title='bbox 659 506 744 571; x_wconf 87' lang='lat' dir='ltr'><strong>atque</strong></span> <span class='ocrx_word' id='word_1_32' title='bbox 762 503 841 556; x_wconf 82' lang='lat' dir='ltr'><strong>addit</strong></span> <span class='ocrx_word' id='word_1_33' title='bbox 858 519 962 570; x_wconf 86' lang='lat' dir='ltr'><strong>aoerv0‚</strong></span> 
     </span>
     <span class='ocr_line' id='line_1_6' title="bbox 174 574 1022 643; baseline 0.006 -16"><span class='ocrx_word' id='word_1_34' title='bbox 174 574 261 638; x_wconf 84' lang='lat' dir='ltr'><strong>Quem</strong></span> <span class='ocrx_word' id='word_1_35' title='bbox 279 576 362 629; x_wconf 91' lang='lat' dir='ltr'><strong>struit</strong></span> <span class='ocrx_word' id='word_1_36' title='bbox 379 575 452 628; x_wconf 89' lang='lat' dir='ltr'><strong>haud</strong></span> <span class='ocrx_word' id='word_1_37' title='bbox 469 577 565 643; x_wconf 78' lang='lat' dir='ltr'><strong>ignara</strong></span> <span class='ocrx_word' id='word_1_38' title='bbox 582 594 614 630; x_wconf 87' lang='lat' dir='ltr'><strong>ao</strong></span> <span class='ocrx_word' id='word_1_39' title='bbox 630 594 683 630; x_wconf 91' lang='lat' dir='ltr'><strong>non</strong></span> <span class='ocrx_word' id='word_1_40' title='bbox 701 578 809 631; x_wconf 88' lang='lat' dir='ltr'><strong>incauta</strong></span> <span class='ocrx_word' id='word_1_41' title='bbox 825 578 918 631; x_wconf 80' lang='lat' dir='ltr'><strong>futuri.</strong></span> <span class='ocrx_word' id='word_1_42' title='bbox 997 591 1022 632; x_wconf 71' lang='lat' dir='ltr'><strong>aa</strong></span> 
     </span>
     <span class='ocr_line' id='line_1_7' title="bbox 174 649 952 721; baseline 0.003 -18"><span class='ocrx_word' id='word_1_43' title='bbox 174 649 258 719; x_wconf 82' lang='lat' dir='ltr'>Quae,</span> <span class='ocrx_word' id='word_1_44' title='bbox 275 651 356 704; x_wconf 91' lang='lat' dir='ltr'><strong>simul</strong></span> <span class='ocrx_word' id='word_1_45' title='bbox 373 651 511 705; x_wconf 89' lang='lat' dir='ltr'><strong>inversum</strong></span> <span class='ocrx_word' id='word_1_46' title='bbox 527 652 671 707; x_wconf 87' lang='lat' dir='ltr'><strong>oontristat</strong></span> <span class='ocrx_word' id='word_1_47' title='bbox 689 653 827 721; x_wconf 81' lang='lat' dir='ltr'>Aquarius</span> <span class='ocrx_word' id='word_1_48' title='bbox 844 669 952 720; x_wconf 89' lang='lat' dir='ltr'><strong>annum,</strong></span> 
     </span>
     <span class='ocr_line' id='line_1_8' title="bbox 173 724 815 795; baseline 0.003 -16"><span class='ocrx_word' id='word_1_49' title='bbox 173 724 237 779; x_wconf 87' lang='lat' dir='ltr'><strong>Non</strong></span> <span class='ocrx_word' id='word_1_50' title='bbox 254 742 369 794; x_wconf 90' lang='lat' dir='ltr'><strong>usquam</strong></span> <span class='ocrx_word' id='word_1_51' title='bbox 387 727 511 795; x_wconf 80' lang='lat' dir='ltr'>prorepit</span> <span class='ocrx_word' id='word_1_52' title='bbox 528 729 558 779; x_wconf 90' lang='lat' dir='ltr'><strong>et</strong></span> <span class='ocrx_word' id='word_1_53' title='bbox 574 726 628 780; x_wconf 87' lang='lat' dir='ltr'><strong>illis</strong></span> <span class='ocrx_word' id='word_1_54' title='bbox 645 727 734 781; x_wconf 87' lang='lat' dir='ltr'><strong>utitur</strong></span> <span class='ocrx_word' id='word_1_55' title='bbox 751 730 815 781; x_wconf 90' lang='lat' dir='ltr'><strong>ante</strong></span> 
     </span>
    </p>

    <p class='ocr_par' dir='ltr' id='par_1_4' title="bbox 173 799 1020 1171">
     <span class='ocr_line' id='line_1_9' title="bbox 174 799 953 871; baseline 0.003 -18"><span class='ocrx_word' id='word_1_56' title='bbox 174 799 311 863; x_wconf 76' lang='lat' dir='ltr'><strong>Quaesitis</strong></span> <span class='ocrx_word' id='word_1_57' title='bbox 328 801 450 869; x_wconf 88' lang='lat' dir='ltr'><strong>sapiens;</strong></span> <span class='ocrx_word' id='word_1_58' title='bbox 468 818 553 870; x_wconf 91' lang='lat' dir='ltr'><strong>quum</strong></span> <span class='ocrx_word' id='word_1_59' title='bbox 569 806 600 856; x_wconf 89' lang='lat' dir='ltr'><strong>te</strong></span> <span class='ocrx_word' id='word_1_60' title='bbox 617 818 706 871; x_wconf 86' lang='lat' dir='ltr'><strong>neque</strong></span> <span class='ocrx_word' id='word_1_61' title='bbox 723 802 844 856; x_wconf 84' lang='lat' dir='ltr'><strong>fervidus</strong></span> <span class='ocrx_word' id='word_1_62' title='bbox 860 806 953 856; x_wconf 83' lang='lat' dir='ltr'><strong>aestus</strong></span> 
     </span>
     <span class='ocr_line' id='line_1_10' title="bbox 173 873 965 945; baseline 0.005 -18"><span class='ocrx_word' id='word_1_63' title='bbox 173 873 324 929; x_wconf 88' lang='lat' dir='ltr'><strong>Demoveat</strong></span> <span class='ocrx_word' id='word_1_64' title='bbox 341 876 423 943; x_wconf 85' lang='lat' dir='ltr'><strong>lucro,</strong></span> <span class='ocrx_word' id='word_1_65' title='bbox 440 893 531 945; x_wconf 91' lang='lat' dir='ltr'><strong>neque</strong></span> <span class='ocrx_word' id='word_1_66' title='bbox 547 877 641 943; x_wconf 87' lang='lat' dir='ltr'><strong>hiems,</strong></span> <span class='ocrx_word' id='word_1_67' title='bbox 659 878 737 945; x_wconf 84' lang='lat' dir='ltr'><strong>iguis,</strong></span> <span class='ocrx_word' id='word_1_68' title='bbox 755 894 838 945; x_wconf 85' lang='lat' dir='ltr'><strong>mare,</strong></span> <span class='ocrx_word' id='word_1_69' title='bbox 855 878 965 944; x_wconf 83' lang='lat' dir='ltr'><strong>ferrum,</strong></span> 
     </span>
     <span class='ocr_line' id='line_1_11' title="bbox 173 950 1020 1006; baseline 0.004 -4"><span class='ocrx_word' id='word_1_70' title='bbox 173 950 221 1003; x_wconf 90' lang='lat' dir='ltr'><strong>Nil</strong></span> <span class='ocrx_word' id='word_1_71' title='bbox 238 950 330 1005; x_wconf 87' lang='lat' dir='ltr'><strong>obstet</strong></span> <span class='ocrx_word' id='word_1_72' title='bbox 347 950 398 1005; x_wconf 91' lang='lat' dir='ltr'><strong>tibi</strong></span> <span class='ocrx_word' id='word_1_73' title='bbox 416 952 482 1005; x_wconf 91' lang='lat' dir='ltr'><strong>dum</strong></span> <span class='ocrx_word' id='word_1_74' title='bbox 499 968 535 1005; x_wconf 90' lang='lat' dir='ltr'><strong>ne</strong></span> <span class='ocrx_word' id='word_1_75' title='bbox 553 952 591 1006; x_wconf 92' lang='lat' dir='ltr'><strong>sit</strong></span> <span class='ocrx_word' id='word_1_76' title='bbox 607 956 637 1006; x_wconf 91' lang='lat' dir='ltr'><strong>te</strong></span> <span class='ocrx_word' id='word_1_77' title='bbox 655 952 739 1006; x_wconf 89' lang='lat' dir='ltr'><strong>ditior</strong></span> <span class='ocrx_word' id='word_1_78' title='bbox 755 952 833 1005; x_wconf 88' lang='lat' dir='ltr'><strong>alter.</strong></span> <span class='ocrx_word' id='word_1_79' title='bbox 996 967 1020 1005; x_wconf 79' lang='lat' dir='ltr'><strong>so</strong></span> 
     </span>
     <span class='ocr_line' id='line_1_12' title="bbox 175 1024 941 1096; baseline 0.005 -19"><span class='ocrx_word' id='word_1_80' title='bbox 175 1024 248 1088; x_wconf 90' lang='lat' dir='ltr'><strong>Quid</strong></span> <span class='ocrx_word' id='word_1_81' title='bbox 260 1026 342 1094; x_wconf 88' lang='lat' dir='ltr'><strong>juvat</strong></span> <span class='ocrx_word' id='word_1_82' title='bbox 358 1027 521 1080; x_wconf 89' lang='lat' dir='ltr'><strong>immensum</strong></span> <span class='ocrx_word' id='word_1_83' title='bbox 537 1031 567 1081; x_wconf 91' lang='lat' dir='ltr'><strong>te</strong></span> <span class='ocrx_word' id='word_1_84' title='bbox 584 1029 692 1095; x_wconf 88' lang='lat' dir='ltr'><strong>argenti</strong></span> <span class='ocrx_word' id='word_1_85' title='bbox 709 1028 818 1096; x_wconf 90' lang='lat' dir='ltr'><strong>pondus</strong></span> <span class='ocrx_word' id='word_1_86' title='bbox 836 1031 865 1081; x_wconf 86' lang='lat' dir='ltr'><strong>et</strong></span> <span class='ocrx_word' id='word_1_87' title='bbox 882 1028 941 1081; x_wconf 87' lang='lat' dir='ltr'><strong>auri</strong></span> 
     </span>
     <span class='ocr_line' id='line_1_13' title="bbox 175 1100 816 1171; baseline 0.003 -19"><span class='ocrx_word' id='word_1_88' title='bbox 175 1100 281 1153; x_wconf 85' lang='lat' dir='ltr'><strong>Furtim</strong></span> <span class='ocrx_word' id='word_1_89' title='bbox 300 1102 406 1155; x_wconf 84' lang='lat' dir='ltr'><strong>defossa</strong></span> <span class='ocrx_word' id='word_1_90' title='bbox 423 1103 551 1156; x_wconf 91' lang='lat' dir='ltr'><strong>timidum</strong></span> <span class='ocrx_word' id='word_1_91' title='bbox 569 1103 707 1171; x_wconf 78' lang='lat' dir='ltr'><strong>deponere</strong></span> <span class='ocrx_word' id='word_1_92' title='bbox 725 1104 816 1156; x_wconf 71' lang='lat' dir='ltr'><strong>terrai</strong></span> 
     </span>
    </p>

    <p class='ocr_par' dir='ltr' id='par_1_5' title="bbox 175 1174 942 1244">
     <span class='ocr_line' id='line_1_14' title="bbox 175 1174 942 1244; baseline 0.004 -17"><span class='ocrx_word' id='word_1_93' title='bbox 175 1174 279 1238; x_wconf 85' lang='lat' dir='ltr'><strong>“Quod</strong></span> <span class='ocrx_word' id='word_1_94' title='bbox 296 1176 320 1228; x_wconf 92' lang='lat' dir='ltr'><strong>si</strong></span> <span class='ocrx_word' id='word_1_95' title='bbox 337 1177 501 1229; x_wconf 81' lang='lat' dir='ltr'><strong>comminuas</strong></span> <span class='ocrx_word' id='word_1_96' title='bbox 519 1177 602 1230; x_wconf 92' lang='lat' dir='ltr'><strong>vilem</strong></span> <span class='ocrx_word' id='word_1_97' title='bbox 619 1177 762 1244; x_wconf 77' lang='lat' dir='ltr'><strong>redigatur</strong></span> <span class='ocrx_word' id='word_1_98' title='bbox 778 1177 815 1230; x_wconf 87' lang='lat' dir='ltr'><strong>ad</strong></span> <span class='ocrx_word' id='word_1_99' title='bbox 832 1177 942 1231; x_wconf 83' lang='lat' dir='ltr'><strong>assem.’&#39;</strong></span> 
     </span>
    </p>

    <p class='ocr_par' dir='ltr' id='par_1_6' title="bbox 175 1249 1023 1543">
     <span class='ocr_line' id='line_1_15' title="bbox 176 1249 1004 1320; baseline 0.007 -19"><span class='ocrx_word' id='word_1_100' title='bbox 176 1250 217 1302; x_wconf 89' lang='lat' dir='ltr'><strong>At</strong></span> <span class='ocrx_word' id='word_1_101' title='bbox 232 1250 262 1303; x_wconf 91' lang='lat' dir='ltr'><strong>ni</strong></span> <span class='ocrx_word' id='word_1_102' title='bbox 278 1249 310 1303; x_wconf 92' lang='lat' dir='ltr'><strong>id</strong></span> <span class='ocrx_word' id='word_1_103' title='bbox 326 1250 359 1304; x_wconf 88' lang='lat' dir='ltr'><strong>fit</strong></span> <span class='ocrx_word' id='word_1_104' title='bbox 375 1251 443 1319; x_wconf 90' lang='lat' dir='ltr'><strong>quid</strong></span> <span class='ocrx_word' id='word_1_105' title='bbox 460 1252 544 1304; x_wconf 85' lang='lat' dir='ltr'><strong>habet</strong></span> <span class='ocrx_word' id='word_1_106' title='bbox 561 1252 668 1320; x_wconf 85' lang='lat' dir='ltr'><strong>pulchri</strong></span> <span class='ocrx_word' id='word_1_107' title='bbox 686 1255 857 1305; x_wconf 81' lang='lat' dir='ltr'><strong>constructus</strong></span> <span class='ocrx_word' id='word_1_108' title='bbox 874 1255 1004 1308; x_wconf 70' lang='lat' dir='ltr'><strong>acervus?</strong></span> 
     </span>
     <span class='ocr_line' id='line_1_16' title="bbox 175 1323 1023 1392; baseline 0.007 -16"><span class='ocrx_word' id='word_1_109' title='bbox 175 1323 264 1377; x_wconf 88' lang='lat' dir='ltr'><strong>Millia</strong></span> <span class='ocrx_word' id='word_1_110' title='bbox 279 1325 409 1379; x_wconf 81' lang='lat' dir='ltr'><strong>frumenti</strong></span> <span class='ocrx_word' id='word_1_111' title='bbox 426 1329 476 1378; x_wconf 91' lang='lat' dir='ltr'><strong>tua</strong></span> <span class='ocrx_word' id='word_1_112' title='bbox 492 1325 602 1379; x_wconf 78' lang='lat' dir='ltr'><strong>triverit</strong></span> <span class='ocrx_word' id='word_1_113' title='bbox 618 1343 683 1380; x_wconf 89' lang='lat' dir='ltr'><strong>area</strong></span> <span class='ocrx_word' id='word_1_114' title='bbox 700 1329 816 1392; x_wconf 83' lang='lat' dir='ltr'><strong>eentum,</strong></span> <span class='ocrx_word' id='word_1_115' title='bbox 998 1343 1023 1382; x_wconf 77' lang='lat'><strong>45</strong></span> 
     </span>
     <span class='ocr_line' id='line_1_17' title="bbox 175 1399 934 1469; baseline 0.003 -18"><span class='ocrx_word' id='word_1_116' title='bbox 175 1399 202 1451; x_wconf 88' lang='lat' dir='ltr'>N</span> <span class='ocrx_word' id='word_1_117' title='bbox 203 1416 238 1452; x_wconf 91' lang='lat' dir='ltr'><strong>on</strong></span> <span class='ocrx_word' id='word_1_118' title='bbox 255 1404 319 1453; x_wconf 89' lang='lat' dir='ltr'><strong>tuus</strong></span> <span class='ocrx_word' id='word_1_119' title='bbox 336 1400 387 1453; x_wconf 90' lang='lat' dir='ltr'><strong>hoo</strong></span> <span class='ocrx_word' id='word_1_120' title='bbox 405 1401 496 1469; x_wconf 83' lang='lat' dir='ltr'><strong>capiet</strong></span> <span class='ocrx_word' id='word_1_121' title='bbox 513 1404 609 1454; x_wconf 87' lang='lat' dir='ltr'><strong>venter</strong></span> <span class='ocrx_word' id='word_1_122' title='bbox 625 1401 688 1468; x_wconf 88' lang='lat' dir='ltr'><strong>plus</strong></span> <span class='ocrx_word' id='word_1_123' title='bbox 705 1417 737 1453; x_wconf 86' lang='lat' dir='ltr'><strong>ae</strong></span> <span class='ocrx_word' id='word_1_124' title='bbox 753 1417 844 1455; x_wconf 85' lang='lat' dir='ltr'><strong>meus:</strong></span> <span class='ocrx_word' id='word_1_125' title='bbox 861 1404 894 1455; x_wconf 90' lang='lat' dir='ltr'><strong>nt</strong></span> <span class='ocrx_word' id='word_1_126' title='bbox 910 1400 934 1454; x_wconf 90' lang='lat' dir='ltr'><strong>si</strong></span> 
     </span>
     <span class='ocr_line' id='line_1_18' title="bbox 175 1474 759 1543; baseline 0.003 -16"><span class='ocrx_word' id='word_1_127' title='bbox 175 1474 330 1528; x_wconf 81' lang='lat' dir='ltr'><strong>Reticulum</strong></span> <span class='ocrx_word' id='word_1_128' title='bbox 347 1476 425 1543; x_wconf 87' lang='lat' dir='ltr'><strong>panis</strong></span> <span class='ocrx_word' id='word_1_129' title='bbox 443 1476 551 1530; x_wconf 89' lang='lat' dir='ltr'><strong>venales</strong></span> <span class='ocrx_word' id='word_1_130' title='bbox 569 1477 644 1530; x_wconf 89' lang='lat' dir='ltr'><strong>inter</strong></span> <span class='ocrx_word' id='word_1_131' title='bbox 661 1480 759 1530; x_wconf 90' lang='lat' dir='ltr'><strong>onusto</strong></span> 
     </span>
    </p>

    <p class='ocr_par' dir='ltr' id='par_1_7' title="bbox 175 1549 913 1620">
     <span class='ocr_line' id='line_1_19' title="bbox 175 1549 913 1620; baseline 0.007 -19"><span class='ocrx_word' id='word_1_132' title='bbox 175 1549 259 1604; x_wconf 81' lang='lat' dir='ltr'><strong>Forte</strong></span> <span class='ocrx_word' id='word_1_133' title='bbox 276 1550 359 1604; x_wconf 85' lang='lat' dir='ltr'><strong>vehas</strong></span> <span class='ocrx_word' id='word_1_134' title='bbox 377 1551 498 1619; x_wconf 88' lang='lat' dir='ltr'><strong>humero,</strong></span> <span class='ocrx_word' id='word_1_135' title='bbox 515 1551 600 1604; x_wconf 92' lang='lat' dir='ltr'><strong>nihilo</strong></span> <span class='ocrx_word' id='word_1_136' title='bbox 617 1551 679 1619; x_wconf 85' lang='lat' dir='ltr'><strong>plus</strong></span> <span class='ocrx_word' id='word_1_137' title='bbox 695 1551 812 1620; x_wconf 86' lang='lat' dir='ltr'><strong>aooipias</strong></span> <span class='ocrx_word' id='word_1_138' title='bbox 830 1567 913 1620; x_wconf 88' lang='lat' dir='ltr'><strong>quam</strong></span> 
     </span>
    </p>

    <p class='ocr_par' dir='ltr' id='par_1_8' title="bbox 176 1624 872 1695">
     <span class='ocr_line' id='line_1_20' title="bbox 176 1624 872 1695; baseline 0.006 -18"><span class='ocrx_word' id='word_1_139' title='bbox 176 1624 228 1687; x_wconf 87' lang='lat' dir='ltr'><strong>Qui</strong></span> <span class='ocrx_word' id='word_1_140' title='bbox 244 1625 284 1678; x_wconf 91' lang='lat' dir='ltr'><strong>nil</strong></span> <span class='ocrx_word' id='word_1_141' title='bbox 300 1627 425 1694; x_wconf 86' lang='lat' dir='ltr'><strong>portarit.</strong></span> <span class='ocrx_word' id='word_1_142' title='bbox 460 1627 514 1680; x_wconf 89' lang='lat' dir='ltr'><strong>Vel</strong></span> <span class='ocrx_word' id='word_1_143' title='bbox 532 1627 577 1680; x_wconf 89' lang='lat' dir='ltr'><strong>dio</strong></span> <span class='ocrx_word' id='word_1_144' title='bbox 595 1628 662 1695; x_wconf 84' lang='lat' dir='ltr'><strong>quid</strong></span> <span class='ocrx_word' id='word_1_145' title='bbox 679 1628 782 1681; x_wconf 85' lang='lat' dir='ltr'><strong>referat</strong></span> <span class='ocrx_word' id='word_1_146' title='bbox 799 1626 872 1681; x_wconf 87' lang='lat' dir='ltr'><strong>intra</strong></span> 
     </span>
    </p>

    <p class='ocr_par' dir='ltr' id='par_1_9' title="bbox 174 1700 1024 1994">
     <span class='ocr_line' id='line_1_21' title="bbox 174 1700 1024 1769; baseline 0.007 -17"><span class='ocrx_word' id='word_1_147' title='bbox 174 1700 296 1754; x_wconf 85' lang='lat' dir='ltr'><strong>Naturae</strong></span> <span class='ocrx_word' id='word_1_148' title='bbox 313 1702 380 1756; x_wconf 86' lang='lat' dir='ltr'><strong>fines</strong></span> <span class='ocrx_word' id='word_1_149' title='bbox 397 1702 507 1769; x_wconf 85' lang='lat' dir='ltr'><strong>viventi,</strong></span> <span class='ocrx_word' id='word_1_150' title='bbox 522 1702 622 1769; x_wconf 83' lang='lat' dir='ltr'><strong>jugera</strong></span> <span class='ocrx_word' id='word_1_151' title='bbox 639 1706 748 1756; x_wconf 87' lang='lat' dir='ltr'><strong>eentum</strong></span> <span class='ocrx_word' id='word_1_152' title='bbox 766 1720 801 1755; x_wconf 92' lang='lat' dir='ltr'><strong>an</strong></span> <span class='ocrx_word' id='word_1_153' title='bbox 999 1717 1024 1758; x_wconf 75' lang='lat' dir='ltr'><strong>so</strong></span> 
     </span>
     <span class='ocr_line' id='line_1_22' title="bbox 175 1776 1024 1845; baseline 0.002 -15"><span class='ocrx_word' id='word_1_154' title='bbox 175 1776 252 1830; x_wconf 90' lang='lat' dir='ltr'><strong>Mille</strong></span> <span class='ocrx_word' id='word_1_155' title='bbox 269 1779 345 1831; x_wconf 86' lang='lat' dir='ltr'><strong>aretl</strong></span> <span class='ocrx_word' id='word_1_156' title='bbox 380 1778 445 1831; x_wconf 86' lang='lat' dir='ltr'><strong>“At</strong></span> <span class='ocrx_word' id='word_1_157' title='bbox 462 1793 544 1831; x_wconf 88' lang='lat' dir='ltr'><strong>suave</strong></span> <span class='ocrx_word' id='word_1_158' title='bbox 563 1782 607 1831; x_wconf 90' lang='lat' dir='ltr'><strong>est</strong></span> <span class='ocrx_word' id='word_1_159' title='bbox 624 1795 659 1831; x_wconf 87' lang='lat' dir='ltr'><strong>ex</strong></span> <span class='ocrx_word' id='word_1_160' title='bbox 675 1795 775 1845; x_wconf 84' lang='lat' dir='ltr'><strong>magno</strong></span> <span class='ocrx_word' id='word_1_161' title='bbox 792 1778 889 1832; x_wconf 88' lang='lat' dir='ltr'><strong>tollere</strong></span> <span class='ocrx_word' id='word_1_162' title='bbox 906 1781 1024 1833; x_wconf 60' lang='lat' dir='ltr'><strong>acervo?</strong></span> 
     </span>
     <span class='ocr_line' id='line_1_23' title="bbox 175 1851 967 1921; baseline -0.001 -16"><span class='ocrx_word' id='word_1_163' title='bbox 175 1851 248 1905; x_wconf 88' lang='lat' dir='ltr'><strong>Dum</strong></span> <span class='ocrx_word' id='word_1_164' title='bbox 265 1868 300 1906; x_wconf 88' lang='lat' dir='ltr'><strong>ex</strong></span> <span class='ocrx_word' id='word_1_165' title='bbox 317 1868 400 1919; x_wconf 89' lang='lat' dir='ltr'><strong>parvo</strong></span> <span class='ocrx_word' id='word_1_166' title='bbox 418 1851 496 1905; x_wconf 92' lang='lat' dir='ltr'><strong>nobis</strong></span> <span class='ocrx_word' id='word_1_167' title='bbox 514 1853 677 1906; x_wconf 88' lang='lat' dir='ltr'><strong>tantundem</strong></span> <span class='ocrx_word' id='word_1_168' title='bbox 694 1853 805 1905; x_wconf 89' lang='lat' dir='ltr'><strong>haurire</strong></span> <span class='ocrx_word' id='word_1_169' title='bbox 823 1853 967 1921; x_wconf 86' lang='lat' dir='ltr'><strong>relinquas,</strong></span> 
     </span>
     <span class='ocr_line' id='line_1_24' title="bbox 176 1925 898 1994; baseline 0.004 -17"><span class='ocrx_word' id='word_1_170' title='bbox 176 1926 232 1978; x_wconf 79' lang='lat' dir='ltr'><strong>Cur</strong></span> <span class='ocrx_word' id='word_1_171' title='bbox 248 1929 297 1979; x_wconf 90' lang='lat' dir='ltr'><strong>tua</strong></span> <span class='ocrx_word' id='word_1_172' title='bbox 313 1926 374 1993; x_wconf 91' lang='lat' dir='ltr'><strong>plus</strong></span> <span class='ocrx_word' id='word_1_173' title='bbox 391 1925 488 1979; x_wconf 89' lang='lat' dir='ltr'><strong>laudes</strong></span> <span class='ocrx_word' id='word_1_174' title='bbox 505 1928 622 1980; x_wconf 82' lang='lat' dir='ltr'><strong>cumeris</strong></span> <span class='ocrx_word' id='word_1_175' title='bbox 639 1928 765 1994; x_wconf 85' lang='lat' dir='ltr'><strong>granaria</strong></span> <span class='ocrx_word' id='word_1_176' title='bbox 781 1927 898 1988; x_wconf 74' lang='lat' dir='ltr'><strong>nostrist</strong></span> 
     </span>
    </p>

    <p class='ocr_par' dir='ltr' id='par_1_10' title="bbox 175 1999 880 2070">
     <span class='ocr_line' id='line_1_25' title="bbox 175 1999 880 2070; baseline 0.001 -17"><span class='ocrx_word' id='word_1_177' title='bbox 175 2000 216 2054; x_wconf 90' lang='lat' dir='ltr'><strong>Ut</strong></span> <span class='ocrx_word' id='word_1_178' title='bbox 233 1999 285 2055; x_wconf 87' lang='lat' dir='ltr'><strong>tihi</strong></span> <span class='ocrx_word' id='word_1_179' title='bbox 302 2002 325 2055; x_wconf 87' lang='lat' dir='ltr'><strong>si</strong></span> <span class='ocrx_word' id='word_1_180' title='bbox 343 2001 381 2054; x_wconf 94' lang='lat' dir='ltr'><strong>sit</strong></span> <span class='ocrx_word' id='word_1_181' title='bbox 398 2017 467 2069; x_wconf 86' lang='lat' dir='ltr'><strong>opus</strong></span> <span class='ocrx_word' id='word_1_182' title='bbox 483 2001 582 2070; x_wconf 89' lang='lat' dir='ltr'><strong>liquidi</strong></span> <span class='ocrx_word' id='word_1_183' title='bbox 599 2018 653 2057; x_wconf 91' lang='lat' dir='ltr'><strong>non</strong></span> <span class='ocrx_word' id='word_1_184' title='bbox 671 2002 787 2069; x_wconf 89' lang='lat' dir='ltr'><strong>amplius</strong></span> <span class='ocrx_word' id='word_1_185' title='bbox 804 2018 880 2069; x_wconf 86' lang='lat' dir='ltr'><strong>urna,</strong></span> 
     </span>
    </p>

    <p class='ocr_par' dir='ltr' id='par_1_11' title="bbox 176 2075 1027 2295">
     <span class='ocr_line' id='line_1_26' title="bbox 176 2075 1027 2144; baseline 0.009 -17"><span class='ocrx_word' id='word_1_186' title='bbox 176 2075 230 2132; x_wconf 90' lang='lat' dir='ltr'><strong>Vel</strong></span> <span class='ocrx_word' id='word_1_187' title='bbox 248 2075 353 2143; x_wconf 77' lang='lat' dir='ltr'><strong>cyatho,</strong></span> <span class='ocrx_word' id='word_1_188' title='bbox 370 2079 400 2129; x_wconf 90' lang='lat' dir='ltr'><strong>et</strong></span> <span class='ocrx_word' id='word_1_189' title='bbox 418 2075 500 2143; x_wconf 87' lang='lat' dir='ltr'><strong>dieas,</strong></span> <span class='ocrx_word' id='word_1_190' title='bbox 519 2077 535 2103; x_wconf 86' lang='lat'>“</span> <span class='ocrx_word' id='word_1_191' title='bbox 541 2076 643 2144; x_wconf 80' lang='lat' dir='ltr'><strong>Magno</strong></span> <span class='ocrx_word' id='word_1_192' title='bbox 661 2077 697 2131; x_wconf 92' lang='lat' dir='ltr'><strong>de</strong></span> <span class='ocrx_word' id='word_1_193' title='bbox 713 2077 824 2130; x_wconf 89' lang='lat' dir='ltr'><strong>flumine</strong></span> <span class='ocrx_word' id='word_1_194' title='bbox 841 2077 935 2130; x_wconf 91' lang='lat' dir='ltr'><strong>malim</strong></span> <span class='ocrx_word' id='word_1_195' title='bbox 1002 2096 1027 2135; x_wconf 78' lang='lat'><strong>55</strong></span> 
     </span>
     <span class='ocr_line' id='line_1_27' title="bbox 177 2150 976 2213; baseline 0.006 -11"><span class='ocrx_word' id='word_1_196' title='bbox 177 2150 264 2213; x_wconf 88' lang='lat' dir='ltr'><strong>Quam</strong></span> <span class='ocrx_word' id='word_1_197' title='bbox 281 2167 316 2204; x_wconf 87' lang='lat' dir='ltr'><strong>ex</strong></span> <span class='ocrx_word' id='word_1_198' title='bbox 332 2150 383 2204; x_wconf 88' lang='lat' dir='ltr'><strong>hoo</strong></span> <span class='ocrx_word' id='word_1_199' title='bbox 401 2151 531 2205; x_wconf 78' lang='lat' dir='ltr'><strong>fonticulo</strong></span> <span class='ocrx_word' id='word_1_200' title='bbox 547 2152 712 2205; x_wconf 85' lang='lat' dir='ltr'><strong>tantundem</strong></span> <span class='ocrx_word' id='word_1_201' title='bbox 729 2152 859 2206; x_wconf 85' lang='lat' dir='ltr'><strong>sumere.’&#39;</strong></span> <span class='ocrx_word' id='word_1_202' title='bbox 884 2153 925 2206; x_wconf 83' lang='lat' dir='ltr'><strong>Eo</strong></span> <span class='ocrx_word' id='word_1_203' title='bbox 943 2153 976 2207; x_wconf 85' lang='lat' dir='ltr'><strong>fit</strong></span> 
     </span>
     <span class='ocr_line' id='line_1_28' title="bbox 177 2225 836 2295; baseline 0.002 -16"><span class='ocrx_word' id='word_1_204' title='bbox 177 2226 286 2279; x_wconf 88' lang='lat' dir='ltr'><strong>Plenior</strong></span> <span class='ocrx_word' id='word_1_205' title='bbox 302 2228 335 2279; x_wconf 85' lang='lat' dir='ltr'><strong>ut</strong></span> <span class='ocrx_word' id='word_1_206' title='bbox 352 2225 376 2279; x_wconf 92' lang='lat' dir='ltr'><strong>si</strong></span> <span class='ocrx_word' id='word_1_207' title='bbox 394 2242 463 2294; x_wconf 92' lang='lat' dir='ltr'><strong>quos</strong></span> <span class='ocrx_word' id='word_1_208' title='bbox 480 2226 601 2280; x_wconf 84' lang='lat' dir='ltr'><strong>delectet</strong></span> <span class='ocrx_word' id='word_1_209' title='bbox 617 2228 695 2295; x_wconf 84' lang='lat' dir='ltr'><strong>eopia</strong></span> <span class='ocrx_word' id='word_1_210' title='bbox 707 2227 786 2295; x_wconf 84' lang='lat' dir='ltr'><strong>justo</strong></span> <span class='ocrx_word' id='word_1_211' title='bbox 834 2287 836 2291; x_wconf 49' lang='grc'>,</span> 
     </span>
    </p>

    <p class='ocr_par' dir='ltr' id='par_1_12' title="bbox 177 2302 856 2370">
     <span class='ocr_line' id='line_1_29' title="bbox 177 2302 856 2370; baseline 0.004 -16"><span class='ocrx_word' id='word_1_212' title='bbox 177 2302 245 2355; x_wconf 83' lang='lat' dir='ltr'><strong>(lum</strong></span> <span class='ocrx_word' id='word_1_213' title='bbox 262 2302 322 2370; x_wconf 85' lang='lat' dir='ltr'><strong>ripa</strong></span> <span class='ocrx_word' id='word_1_214' title='bbox 339 2302 419 2354; x_wconf 90' lang='lat' dir='ltr'><strong>simul</strong></span> <span class='ocrx_word' id='word_1_215' title='bbox 437 2302 544 2356; x_wconf 91' lang='lat' dir='ltr'><strong>avulsos</strong></span> <span class='ocrx_word' id='word_1_216' title='bbox 560 2303 632 2356; x_wconf 89' lang='lat' dir='ltr'><strong>ferat</strong></span> <span class='ocrx_word' id='word_1_217' title='bbox 651 2302 769 2356; x_wconf 87' lang='lat' dir='ltr'><strong>Aufidus</strong></span> <span class='ocrx_word' id='word_1_218' title='bbox 786 2319 856 2357; x_wconf 79' lang='lat' dir='ltr'><strong>acer.</strong></span> 
     </span>
    </p>

    <p class='ocr_par' dir='ltr' id='par_1_13' title="bbox 176 2377 1027 2599">
     <span class='ocr_line' id='line_1_30' title="bbox 176 2377 979 2448; baseline 0.004 -18"><span class='ocrx_word' id='word_1_219' title='bbox 176 2377 281 2446; x_wconf 80' lang='lat' dir='ltr'><strong>Atqui</strong></span> <span class='ocrx_word' id='word_1_220' title='bbox 298 2377 398 2431; x_wconf 89' lang='lat' dir='ltr'><strong>tantuli</strong></span> <span class='ocrx_word' id='word_1_221' title='bbox 416 2381 480 2446; x_wconf 83' lang='lat' dir='ltr'><strong>eget</strong></span> <span class='ocrx_word' id='word_1_222' title='bbox 497 2381 601 2446; x_wconf 89' lang='lat' dir='ltr'><strong>quanto</strong></span> <span class='ocrx_word' id='word_1_223' title='bbox 619 2382 662 2431; x_wconf 87' lang='lat' dir='ltr'><strong>est</strong></span> <span class='ocrx_word' id='word_1_224' title='bbox 680 2394 748 2447; x_wconf 92' lang='lat' dir='ltr'><strong>opus</strong></span> <span class='ocrx_word' id='word_1_225' title='bbox 765 2379 790 2432; x_wconf 91' lang='lat' dir='ltr'><strong>is</strong></span> <span class='ocrx_word' id='word_1_226' title='bbox 807 2396 897 2448; x_wconf 89' lang='lat' dir='ltr'><strong>neque</strong></span> <span class='ocrx_word' id='word_1_227' title='bbox 914 2380 979 2434; x_wconf 90' lang='lat' dir='ltr'><strong>limo</strong></span> 
     </span>
     <span class='ocr_line' id='line_1_31' title="bbox 176 2452 1027 2521; baseline 0.005 -14"><span class='ocrx_word' id='word_1_228' title='bbox 176 2452 718 2521; x_wconf 79' lang='lat' dir='ltr'><strong>Turbatamhauritaquamnequevitam</strong></span> <span class='ocrx_word' id='word_1_229' title='bbox 726 2454 960 2509; x_wconf 86' lang='lat' dir='ltr'><strong>amittitinundis.</strong></span> <span class='ocrx_word' id='word_1_230' title='bbox 1003 2473 1027 2511; x_wconf 81' lang='lat' dir='ltr'><strong>eo</strong></span> 
     </span>
     <span class='ocr_line' id='line_1_32' title="bbox 177 2527 912 2599; baseline 0.004 -18"><span class='ocrx_word' id='word_1_231' title='bbox 177 2527 218 2581; x_wconf 87' lang='lat' dir='ltr'><strong>At</strong></span> <span class='ocrx_word' id='word_1_232' title='bbox 234 2528 306 2583; x_wconf 89' lang='lat' dir='ltr'><strong>bona</strong></span> <span class='ocrx_word' id='word_1_233' title='bbox 322 2545 387 2598; x_wconf 82' lang='lat' dir='ltr'><strong>pars</strong></span> <span class='ocrx_word' id='word_1_234' title='bbox 404 2528 543 2581; x_wconf 91' lang='lat' dir='ltr'><strong>hominum</strong></span> <span class='ocrx_word' id='word_1_235' title='bbox 561 2529 676 2597; x_wconf 85' lang='lat' dir='ltr'><strong>decepta</strong></span> <span class='ocrx_word' id='word_1_236' title='bbox 693 2529 820 2596; x_wconf 82' lang='lat' dir='ltr'><strong>cupidine</strong></span> <span class='ocrx_word' id='word_1_237' title='bbox 837 2530 912 2599; x_wconf 84' lang='lat' dir='ltr'><strong>falso,</strong></span> 
     </span>
    </p>

    <p class='ocr_par' dir='ltr' id='par_1_14' title="bbox 177 2603 1026 3192">
     <span class='ocr_line' id='line_1_33' title="bbox 177 2603 1025 2673; baseline 0.008 -19"><span class='ocrx_word' id='word_1_238' title='bbox 177 2603 247 2655; x_wconf 89' lang='lat' dir='ltr'><strong>“Nil</strong></span> <span class='ocrx_word' id='word_1_239' title='bbox 258 2605 324 2657; x_wconf 91' lang='lat' dir='ltr'><strong>satis</strong></span> <span class='ocrx_word' id='word_1_240' title='bbox 336 2604 400 2669; x_wconf 79' lang='lat' dir='ltr'><strong>est”</strong></span> <span class='ocrx_word' id='word_1_241' title='bbox 411 2603 516 2672; x_wconf 91' lang='lat' dir='ltr'><strong>inquit;</strong></span> <span class='ocrx_word' id='word_1_242' title='bbox 528 2603 544 2630; x_wconf 88' lang='lat'>“</span> <span class='ocrx_word' id='word_1_243' title='bbox 551 2604 616 2672; x_wconf 89' lang='lat' dir='ltr'><strong>quia</strong></span> <span class='ocrx_word' id='word_1_244' title='bbox 624 2604 696 2658; x_wconf 85' lang='lat' dir='ltr'><strong>tanti</strong></span> <span class='ocrx_word' id='word_1_245' title='bbox 708 2609 840 2673; x_wconf 88' lang='lat' dir='ltr'><strong>quantum</strong></span> <span class='ocrx_word' id='word_1_246' title='bbox 852 2606 955 2660; x_wconf 86' lang='lat' dir='ltr'><strong>habeas</strong></span> <span class='ocrx_word' id='word_1_247' title='bbox 967 2607 1025 2661; x_wconf 91' lang='lat' dir='ltr'><strong>sis.’&#39;</strong></span> 
     </span>
     <span class='ocr_line' id='line_1_34' title="bbox 179 2677 927 2745; baseline 0.007 -16"><span class='ocrx_word' id='word_1_248' title='bbox 179 2677 251 2741; x_wconf 84' lang='lat' dir='ltr'><strong>Quid</strong></span> <span class='ocrx_word' id='word_1_249' title='bbox 268 2679 350 2745; x_wconf 80' lang='lat' dir='ltr'><strong>facias</strong></span> <span class='ocrx_word' id='word_1_250' title='bbox 367 2679 424 2737; x_wconf 82' lang='lat' dir='ltr'><strong>illil</strong></span> <span class='ocrx_word' id='word_1_251' title='bbox 460 2678 565 2732; x_wconf 88' lang='lat' dir='ltr'><strong>Jubeas</strong></span> <span class='ocrx_word' id='word_1_252' title='bbox 583 2679 712 2732; x_wconf 88' lang='lat' dir='ltr'><strong>miserum</strong></span> <span class='ocrx_word' id='word_1_253' title='bbox 730 2696 790 2733; x_wconf 87' lang='lat' dir='ltr'><strong>esse</strong></span> <span class='ocrx_word' id='word_1_254' title='bbox 807 2680 927 2734; x_wconf 83' lang='lat' dir='ltr'><strong>libenter</strong></span> 
     </span>
     <span class='ocr_line' id='line_1_35' title="bbox 178 2752 961 2822; baseline 0.006 -17"><span class='ocrx_word' id='word_1_255' title='bbox 178 2752 316 2816; x_wconf 89' lang='lat' dir='ltr'><strong>Quatenus</strong></span> <span class='ocrx_word' id='word_1_256' title='bbox 333 2754 363 2806; x_wconf 91' lang='lat' dir='ltr'><strong>id</strong></span> <span class='ocrx_word' id='word_1_257' title='bbox 380 2754 460 2818; x_wconf 81' lang='lat' dir='ltr'><strong>faeit3</strong></span> <span class='ocrx_word' id='word_1_258' title='bbox 477 2757 510 2807; x_wconf 93' lang='lat' dir='ltr'><strong>ut</strong></span> <span class='ocrx_word' id='word_1_259' title='bbox 527 2754 638 2822; x_wconf 84' lang='lat' dir='ltr'><strong>quidam</strong></span> <span class='ocrx_word' id='word_1_260' title='bbox 658 2759 824 2810; x_wconf 88' lang='lat' dir='ltr'><strong>memoratur</strong></span> <span class='ocrx_word' id='word_1_261' title='bbox 843 2756 961 2810; x_wconf 85' lang='lat' dir='ltr'><strong>Athenis</strong></span> 
     </span>
     <span class='ocr_line' id='line_1_36' title="bbox 178 2825 1026 2896; baseline 0.009 -18"><span class='ocrx_word' id='word_1_262' title='bbox 178 2825 309 2880; x_wconf 77' lang='lat' dir='ltr'><strong>Sordidus</strong></span> <span class='ocrx_word' id='word_1_263' title='bbox 326 2844 358 2881; x_wconf 85' lang='lat' dir='ltr'><strong>aa</strong></span> <span class='ocrx_word' id='word_1_264' title='bbox 375 2828 459 2894; x_wconf 86' lang='lat' dir='ltr'><strong>dives,</strong></span> <span class='ocrx_word' id='word_1_265' title='bbox 476 2829 569 2896; x_wconf 88' lang='lat' dir='ltr'><strong>populi</strong></span> <span class='ocrx_word' id='word_1_266' title='bbox 586 2837 759 2884; x_wconf 87' lang='lat' dir='ltr'><strong>contemnere</strong></span> <span class='ocrx_word' id='word_1_267' title='bbox 776 2847 856 2885; x_wconf 90' lang='lat' dir='ltr'><strong>voees</strong></span> <span class='ocrx_word' id='word_1_268' title='bbox 1002 2848 1026 2886; x_wconf 77' lang='lat' dir='ltr'><strong>ss</strong></span> 
     </span>
     <span class='ocr_line' id='line_1_37' title="bbox 178 2900 945 2975; baseline 0.004 -21"><span class='ocrx_word' id='word_1_269' title='bbox 178 2900 223 2954; x_wconf 72' lang='lat' dir='ltr'><strong>ste</strong></span> <span class='ocrx_word' id='word_1_270' title='bbox 241 2901 348 2957; x_wconf 85' lang='lat' dir='ltr'><strong>solitus:</strong></span> <span class='ocrx_word' id='word_1_271' title='bbox 367 2902 509 2971; x_wconf 86' lang='lat' dir='ltr'><strong>“Populus</strong></span> <span class='ocrx_word' id='word_1_272' title='bbox 527 2920 571 2962; x_wconf 83' lang='lat' dir='ltr'><strong>me</strong></span> <span class='ocrx_word' id='word_1_273' title='bbox 589 2904 696 2970; x_wconf 87' lang='lat' dir='ltr'><strong>sibilat;</strong></span> <span class='ocrx_word' id='word_1_274' title='bbox 713 2909 742 2959; x_wconf 89' lang='lat' dir='ltr'><strong>at</strong></span> <span class='ocrx_word' id='word_1_275' title='bbox 759 2907 827 2958; x_wconf 90' lang='lat' dir='ltr'><strong>mihi</strong></span> <span class='ocrx_word' id='word_1_276' title='bbox 844 2906 945 2975; x_wconf 88' lang='lat' dir='ltr'><strong>plaudo</strong></span> 
     </span>
     <span class='ocr_line' id='line_1_38' title="bbox 178 2976 956 3049; baseline 0.009 -21"><span class='ocrx_word' id='word_1_277' title='bbox 178 2976 243 3043; x_wconf 86' lang='lat' dir='ltr'><strong>Ipse</strong></span> <span class='ocrx_word' id='word_1_278' title='bbox 261 2977 335 3029; x_wconf 92' lang='lat' dir='ltr'><strong>domi</strong></span> <span class='ocrx_word' id='word_1_279' title='bbox 353 2977 432 3031; x_wconf 92' lang='lat' dir='ltr'><strong>simul</strong></span> <span class='ocrx_word' id='word_1_280' title='bbox 450 2995 482 3032; x_wconf 86' lang='lat' dir='ltr'><strong>aa</strong></span> <span class='ocrx_word' id='word_1_281' title='bbox 498 2996 622 3034; x_wconf 89' lang='lat' dir='ltr'><strong>nummos</strong></span> <span class='ocrx_word' id='word_1_282' title='bbox 639 2981 808 3049; x_wconf 85' lang='lat' dir='ltr'><strong>contemplor</strong></span> <span class='ocrx_word' id='word_1_283' title='bbox 824 2982 853 3035; x_wconf 90' lang='lat' dir='ltr'><strong>in</strong></span> <span class='ocrx_word' id='word_1_284' title='bbox 871 2982 956 3034; x_wconf 55' lang='lat' dir='ltr'><strong>arca!</strong></span> 
     </span>
     <span class='ocr_line' id='line_1_39' title="bbox 178 3050 813 3127; baseline 0.009 -24"><span class='ocrx_word' id='word_1_285' title='bbox 178 3050 307 3105; x_wconf 77' lang='lat' dir='ltr'><strong>Tantalus</strong></span> <span class='ocrx_word' id='word_1_286' title='bbox 324 3069 341 3105; x_wconf 91' lang='lat' dir='ltr'><strong>a</strong></span> <span class='ocrx_word' id='word_1_287' title='bbox 357 3052 441 3107; x_wconf 90' lang='lat' dir='ltr'><strong>labris</strong></span> <span class='ocrx_word' id='word_1_288' title='bbox 458 3054 553 3110; x_wconf 87' lang='lat' dir='ltr'><strong>sitiens</strong></span> <span class='ocrx_word' id='word_1_289' title='bbox 569 3057 703 3127; x_wconf 82' lang='lat' dir='ltr'><strong>fugientia</strong></span> <span class='ocrx_word' id='word_1_290' title='bbox 719 3059 813 3122; x_wconf 83' lang='lat' dir='ltr'><strong>captat</strong></span> 
     </span>
     <span class='ocr_line' id='line_1_40' title="bbox 178 3125 899 3192; baseline 0.008 -10"><span class='ocrx_word' id='word_1_291' title='bbox 178 3125 439 3192; x_wconf 68' lang='lat' dir='ltr'><strong>Flumina...de</strong></span> <span class='ocrx_word' id='word_1_292' title='bbox 456 3130 548 3185; x_wconf 84' lang='lat' dir='ltr'><strong>ridesl</strong></span> <span class='ocrx_word' id='word_1_293' title='bbox 565 3132 672 3187; x_wconf 82' lang='lat' dir='ltr'><strong>mutato</strong></span> <span class='ocrx_word' id='word_1_294' title='bbox 689 3131 798 3184; x_wconf 87' lang='lat' dir='ltr'><strong>nomine</strong></span> <span class='ocrx_word' id='word_1_295' title='bbox 816 3132 851 3187; x_wconf 91' lang='lat' dir='ltr'><strong>de</strong></span> <span class='ocrx_word' id='word_1_296' title='bbox 868 3137 899 3188; x_wconf 88' lang='lat' dir='ltr'><strong>te</strong></span> 
     </span>
    </p>
   </div>
   <div class='ocr_carea' id='block_1_3' title="bbox 177 3200 1024 3276">
    <p class='ocr_par' dir='ltr' id='par_1_15' title="bbox 177 3200 1024 3276">
     <span class='ocr_line' id='line_1_41' title="bbox 177 3200 1024 3276; baseline 0.009 -21"><span class='ocrx_word' id='word_1_297' title='bbox 177 3200 279 3257; x_wconf 82' lang='lat' dir='ltr'><strong>Fabula</strong></span> <span class='ocrx_word' id='word_1_298' title='bbox 297 3209 436 3259; x_wconf 83' lang='lat' dir='ltr'><strong>narratur:</strong></span> <span class='ocrx_word' id='word_1_299' title='bbox 455 3207 590 3274; x_wconf 82' lang='lat' dir='ltr'><strong>congestis</strong></span> <span class='ocrx_word' id='word_1_300' title='bbox 607 3206 728 3276; x_wconf 86' lang='lat' dir='ltr'><strong>undique</strong></span> <span class='ocrx_word' id='word_1_301' title='bbox 746 3207 831 3261; x_wconf 86' lang='lat' dir='ltr'><strong>saccis</strong></span> <span class='ocrx_word' id='word_1_302' title='bbox 1001 3224 1024 3263; x_wconf 83' lang='lat' dir='ltr'><strong>vo</strong></span> 
     </span>
    </p>
   </div>
   <div class='ocr_carea' id='block_1_4' title="bbox 0 0 1150 3550">
    <p class='ocr_par' dir='ltr' id='par_1_16' title="bbox 0 0 1150 3550">
     <span class='ocr_line' id='line_1_42' title="bbox 0 0 1150 3550; baseline 0 0"><span class='ocrx_word' id='word_1_303' title='bbox 0 0 1150 3550; x_wconf 95' lang='lat' dir='ltr'><strong> </strong></span> 
     </span>
    </p>
   </div>
  </div>
 </body>
</html>
