2275 3550
373 198 579 248 cARMINUM
596 198 646 246 IV.
667 200 703 257 10,
720 201 757 250 ll.

257 279 383 335 Paullum
403 279 526 346 sepultae
545 278 632 332 distat
649 278 764 333 inertiae

257 356 352 410 Celata
369 355 464 408 virtus.
499 355 525 407 N
528 371 563 407 on
581 371 632 422 ego
649 358 680 409 te
696 355 765 408 meis

291 430 400 486 Ohartis
417 430 573 483 inornatum
591 430 684 497 silebo,

325 505 411 559 Totve
429 507 491 558 tuos
508 505 600 573 patiar
616 505 724 560 labores

257 581 381 648 Impune,
400 580 479 647 Lolli,
497 597 611 649 carpere
627 581 726 635 lividas

257 656 421 711 Obliviones.
457 657 509 710 Est
526 656 633 709 animus
650 656 717 709 tibi.

292 732 452 800 Rerumque
468 731 592 800 prudens
609 735 639 784 et
657 730 783 786 secundis

327 807 505 875 Temporibus
523 806 669 875 dubiisque
687 810 785 873 rectus,

237 880 241 886 '
258 883 368 938 Vindex
385 899 483 937 avarae
499 882 614 950 fraudis,
632 887 663 937 et
679 882 818 939 abstinens

258 959 392 1014 Ducentis
409 959 446 1013 ad
463 975 493 1012 se
510 961 609 1012 cuncta
625 958 763 1027 pecuniae,

292 1036 447 1104 Consulque
463 1050 518 1088 non
534 1034 617 1093 unius
634 1034 698 1088 anni

327 1111 383 1164 Sed
400 1111 506 1179 quoties
518 1110 612 1163 bonus
628 1114 712 1178 atque
729 1109 803 1163 fidus

258 1184 353 1240 Judex
369 1185 514 1238 honestum
530 1185 664 1254 praetulit
680 1184 757 1254 utili,

259 1259 369 1327 Rejecit
386 1260 442 1313 alto
460 1260 532 1312 dona
548 1260 705 1313 nocentium

293 1335 389 1403 Vultu,
406 1351 457 1403 per
474 1334 616 1388 obstantes
634 1338 758 1390 catervas

327 1410 466 1479 Explicuit
483 1427 532 1464 sua
548 1410 637 1465 victor
652 1427 736 1464 arma.

257 1485 321 1541 Non
337 1486 523 1555 possidentem
540 1486 629 1540 multa
644 1486 783 1542 vocaveris

259 1562 347 1618 Recte
364 1562 493 1617 beatum:
511 1563 614 1616 rectius
631 1567 747 1631 occupat

292 1638 400 1692 Nomen
417 1637 493 1692 beati
510 1638 558 1707 qui
576 1637 714 1691 deorum*

327 1712 489 1766 Muneribus
506 1713 648 1781 sapienter
664 1712 706 1767 uti

259 1786 418 1857 Duramque
435 1788 516 1841 callot
532 1789 691 1856 pauperiem
709 1791 774 1858 pati,

259 1863 398 1932 Pejnsque
415 1863 472 1917 leto
488 1863 624 1929 flagitium
641 1864 731 1931 timet,

293 1938 320 1992 N
322 1954 357 1991 on
374 1937 421 1991 ille
438 1952 489 2005 pro
505 1938 576 1990 caris
593 1937 687 1990 amicis

329 2012 390 2066 Aut
405 2011 497 2080 patria
512 2011 628 2066 timidus
644 2010 741 2081 perire.

564 2155 599 2211 X

194 2243 217 2296 Ο
234 2247 371 2294 cnnnnm's
388 2237 478 2293 adhuc
495 2243 525 2293 et
541 2238 660 2292 Veneris
676 2239 835 2293 muneribus
852 2241 958 2308 potens,

192 2315 336 2383 Insperata
353 2317 419 2370 tuae
437 2330 498 2368 cum
515 2315 608 2368 veniet
624 2314 717 2382 pluma
734 2314 885 2383 superbiae,

191 2389 229 2443 m
246 2407 316 2459 quae
333 2406 405 2444 nunc
422 2390 543 2443 humeris
559 2390 704 2443 involitant
721 2390 875 2444 deciderint
892 2407 993 2461 comae,

191 2465 217 2520 N
219 2481 271 2518 une
289 2468 319 2520 et
336 2465 384 2534 qui
401 2465 474 2519 color
492 2468 536 2519 est
552 2464 684 2533 puniceae
701 2465 768 2519 flore
784 2467 860 2535 prior
876 2483 955 2521 rosae

191 2540 317 2594 Mutatus
335 2541 497 2608 Ligurinum
513 2540 543 2594 in
559 2541 658 2593 faciem
674 2540 790 2594 verterit
806 2541 949 2611 hispidam,
993 2558 1006 2599 a

192 2615 275 2671 Dices
293 2615 347 2669 heu
365 2616 491 2685 quotiens
507 2618 538 2669 te
556 2615 666 2682 speculo
683 2614 785 2669 videris
802 2617 936 2677 altemm:

193 2689 291 2754 “Quae
307 2707 384 2745 mens
402 2694 445 2745 est
461 2690 550 2759 hodie,
568 2706 618 2743 cur
634 2690 730 2743 eadem
747 2707 801 2744 non
819 2708 904 2760 puero
920 2693 993 2748 fuiti

193 2765 247 2820 Vel
263 2782 312 2820 cur
328 2766 371 2819 his
384 2765 482 2819 animis
494 2765 644 2819 incolumes
661 2780 715 2818 non
732 2766 849 2820 redeunt
861 2769 985 2834 genael''

297 2988 353 3044 llsr
368 2988 436 3042 mihi
452 3005 554 3042 nonum
572 2990 726 3059 superantis
743 3007 844 3044 annum
901 3041 908 3052 ,

297 3064 399 3118 Plenus
417 3064 519 3118 Albani
535 3066 637 3131 cadus;
654 3066 743 3121 estin
761 3066 846 3134 horto,

298 3139 392 3207 Phylli,
409 3139 551 3193 nectendis
568 3141 661 3208 apium
678 3139 801 3204 coronis3

330 3215 383 3269 Est
398 3214 517 3269 hederae
534 3213 576 3268 vis
