2275 3550
139 185 184 232 154
418 181 573 232 HORATII
590 181 720 230 FLAecl

137 263 198 316 Aut
215 263 351 332 quianon
370 263 463 316 sentis.
473 261 548 330 quod
565 261 666 314 clamas
683 261 786 314 rectius
803 277 872 328 esse,
967 279 995 318 rs

137 338 197 391 Aut
214 340 279 406 quia
296 356 351 392 uon
368 339 463 391 firmus
480 341 586 390 rectum
604 335 737 402 defendis,
756 340 785 389 et
802 335 900 391 haeres

137 411 164 465 N
166 414 327 482 equiequam
345 430 428 467 coeno
446 412 560 481 cupiens
578 411 695 464 evellere
713 411 843 479 plantam

138 486 242 543 Romae
259 506 306 542 rus
325 493 410 558 optas,
428 488 570 542 absentem
588 487 706 540 misticus
723 486 822 539 urbem
947 535 949 539 .

138 563 220 616 'Pollis
237 565 274 618 ad
292 568 368 617 astra
385 563 459 617 levis.
495 562 525 616 Si
543 578 676 630 nusquam
694 578 724 614 es
741 561 813 615 ferte
831 564 942 615 vocatus

119 641 123 647 ’
139 638 186 691 Ad
204 654 315 692 coenam
334 640 429 693 laudas
442 655 567 692 securum
586 639 646 690 olus
663 653 702 704 ac,
721 637 797 690 velut
815 652 930 704 usquam
966 649 998 691 se

138 711 255 766 Vinctus
273 731 326 782 eas,
345 715 384 768 ita
401 718 431 769 te
448 715 556 767 felicem
575 714 644 766 dicis
660 729 790 780 amesque

138 787 219 851 Quod
235 806 371 858 nusquam
388 789 442 844 tibi
459 790 496 844 sit
513 788 672 858 potandum.
692 787 829 842 ‘Jusserit
846 786 883 841 ad
900 804 930 841 se

138 863 284 918 Maecenas
303 882 394 919 serum
412 864 463 919 sub
480 864 584 917 lumina
600 865 690 932 prima
706 864 799 918 venire
890 887 897 900 ·

137 938 300 995 Convivam:
320 940 440 995 ‘Nemon
457 941 546 994 oleum
564 941 620 994 fert
636 939 729 994 ociusl
748 940 851 1008 Ecquis

139 1014 229 1068 Audit
238 1016 254 1069 ι’
274 1032 337 1070 cum
354 1033 453 1085 magno
470 1015 591 1069 blateras
608 1015 726 1069 clamore
743 1015 875 1083 iugisque.
965 1029 992 1069 ss
1064 1070 1067 1076 ,

138 1090 259 1145 Mulvius
277 1096 306 1146 et
324 1109 434 1147 scurrae
450 1092 503 1146 tibi
520 1108 575 1145 non
592 1092 736 1145 referenda
753 1090 857 1160 precati

139 1164 300 1221 Discedunt.
336 1168 446 1221 Etenim
463 1168 551 1221 fateor
569 1183 622 1234 me,
639 1166 743 1220 dixerit
762 1167 817 1234 ille,

139 1241 211 1295 Duci
228 1247 292 1297 veut
293 1260 324 1297 re
280 1243 439 1310 tlevem‚
457 1260 553 1297 nasum
571 1209 667 1296 uidere
684 1243 802 1329 supinos,
856 1306 860 1317 f

141 1316 330 1384 Imbecillus,
322 1335 403 1383 mers,
422 1320 445 1372 si
463 1319 531 1387 quid
548 1318 589 1371 vis
606 1317 679 1372 adde
696 1318 829 1405 popiuo.
849 1328 853 1337 '

140 1390 189 1458 Τιι,
207 1408 268 1445 cum
287 1393 324 1444 sis
342 1393 416 1461 quod
433 1409 484 1460 ego
501 1396 531 1446 et
548 1393 672 1446 fortassis
689 1393 811 1461 nequior,
829 1392 903 1455 ultro
965 1407 991 1447 co

141 1466 282 1520 Insectere
299 1467 376 1521 velut
393 1468 490 1522 melior
507 1452 654 1537 verbisque
671 1468 778 1522 decoris

141 1541 335 1596 Obvolvast
293 1542 320 1595 vi
323 1542 408 1596 timul
445 1542 526 1609 Quid,
545 1543 569 1595 si
586 1559 632 1596 me
649 1544 785 1596 stultior
776 1558 836 1614 ipso

141 1616 304 1683 Quingentis
322 1622 414 1685 empto
432 1618 570 1672 drachmis
589 1618 783 1686 deprenderisl
820 1617 907 1673 Aufer

141 1691 188 1746 Me
206 1693 284 1746 vultu
295 1696 423 1759 <terrere3
440 1710 551 1747 manum
569 1695 793 1763 stomachumque
810 1697 912 1761 teneto,

141 1766 215 1823 Dum
233 1786 304 1839 quae
323 1769 443 1840 Crispini
461 1770 555 1825 docuit
572 1787 618 1825 me
631 1770 737 1839 janitor
753 1770 813 1825 edo.
966 1784 991 1822 ιι

141 1844 181 1899 'le
199 1846 297 1914 conjux
316 1846 405 1901 aliena
421 1847 503 1916 capit,
522 1847 697 1901 meretricula
715 1845 835 1899 Davum:

143 1919 243 1975 Peccat
261 1927 325 1976 uter
343 1926 467 1977 nostrum
487 1939 567 1976 cruce
587 1922 713 1989 dignius?
749 1921 830 1975 Acris
847 1918 894 1973 ubi
911 1934 955 1971 me

143 1995 169 2049 N
171 2000 251 2051 atura
269 1998 396 2064 intendit,
417 1998 467 2052 sub
486 1999 561 2052 clara
579 1998 655 2051 nuda
671 1996 781 2050 lucerna

144 2072 327 2142 Quaecunque
345 2074 454 2140 excepit
471 2074 611 2140 turgentis
629 2073 746 2126 verbera
762 2070 872 2138 caudae,

144 2146 275 2201 Olunibus
293 2152 342 2202 aut
362 2149 479 2215 agitavit
499 2164 601 2216 equum
619 2147 720 2200 lasciva
737 2147 871 2216 supinum,
967 2157 992 2197 sc

143 2221 268 2275 Dimittit
286 2238 375 2289 neque
393 2224 525 2274 famosum
545 2237 635 2288 neque
657 2221 802 2274 sollicitum
819 2237 855 2273 ne

143 2294 236 2349 Ditior
255 2299 303 2349 aut
320 2296 425 2351 formae
443 2296 563 2348 melioris
582 2295 670 2347 meiat
686 2295 790 2348 eodem.

143 2369 185 2423 'lu
203 2385 265 2422 cum
283 2370 414 2438 projectis
432 2370 592 2437 insignibus,
611 2368 711 2422 annulo
730 2368 852 2436 equestri

144 2444 321 2513 Romanoque
339 2445 442 2512 habitu,
461 2445 555 2513 prodis
576 2461 611 2499 ex
625 2443 722 2512 judice
740 2443 827 2496 Dama

143 2521 248 2588 Turpis,
268 2520 412 2575 odoratum
432 2524 515 2589 caput
533 2520 697 2574 obscurante
716 2518 830 2585 lacerna,
970 2536 995 2576 ⁵5

143 2595 256 2652 Neues
278 2597 352 2665 quod
371 2597 499 2651 simulasl
535 2596 665 2650 Metuens
681 2595 856 2648 inducerisa
839 2597 923 2664 atque

144 2670 195 2723 Alt
183 2674 305 2724 tereante
323 2670 481 2724 libidinibus
500 2671 595 2725 tremis
614 2686 676 2724 ossa
692 2686 800 2758 pavore.

144 2745 218 2810 Quid
236 2745 322 2800 refert
339 2747 390 2817 uri,
410 2748 494 2814 virgis
514 2748 642 2835 ferroque
660 2746 751 2800 necari

144 2823 313 2877 Auctoratus
332 2838 386 2889 eas,
406 2839 441 2876 an
462 2824 538 2892 utrpi
555 2822 690 2876 clausus
681 2839 710 2875 ιιι
729 2837 799 2889 arca,

145 2894 253 2958 Quoto
272 2896 384 2951 demisit
401 2899 507 2966 peccati
527 2897 634 2951 conscia
651 2897 753 2965 herilis,
967 2915 988 2955 oo

145 2969 216 3024 Oont
204 2974 276 3024 ttrac
277 2988 323 3025 um
342 2973 457 3040 genibus
475 2976 542 3040 tang
524 2990 573 3027 vas
591 2974 690 3041 caputl
710 2972 796 3025 Estne
813 2971 911 3026 marito

145 3043 288 3099 Matronae
307 3048 471 3116 peccantis
462 3065 491 3100 ιιι
509 3048 590 3101 ambo
602 3048 680 3115 justa
696 3050 837 3117 potestasl
908 3056 911 3064 '

145 3118 180 3171 In
198 3129 385 3192 corruptorem
401 3123 471 3177 vel
458 3128 519 3189 Just
520 3124 568 3178 ior.
604 3123 657 3177 Illa
672 3128 765 3177 tamen
782 3139 812 3176 se

144 3191 208 3248 Non
225 3196 322 3253 habitu
338 3203 461 3254 mutatve
478 3199 544 3267 loco,
562 3204 690 3269 peccatve
707 3213 832 3280 superne
