2275 3550
406 199 663 256 EPISTOLARUM
680 208 703 256 Ι,
723 209 760 257 lo.
970 208 1014 260 171

162 282 253 339 Multa
269 285 381 354 quidem
399 285 458 339 dixi
475 302 524 339 cur
542 296 687 340 excusatus
705 288 826 353 abirem3

162 360 316 415 secamur
333 378 395 415 meo
411 377 447 413 ne
464 362 577 416 finxisse
593 363 700 416 minora
719 369 839 431 putarer,

162 435 355 489 Dissimulator
371 438 432 505 opis
448 438 582 505 propriae,
600 439 667 491 mihi
685 439 842 492 commodus
859 440 914 493 uni.
972 441 975 447 '

162 510 208 564 Sic
224 528 277 580 ego
293 512 405 582 majoris
422 512 531 581 fugiens
547 514 693 583 opprobria
710 515 805 584 eulpae
993 531 1017 569 ro

162 586 272 640 Frontis
289 588 327 641 ad
342 588 464 642 urbanae
482 588 612 643 descendi
629 584 756 658 praemia
792 590 895 654 Quodsi

162 660 324 730 Depositum
341 663 437 717 laudas
454 663 490 718 ob
506 665 586 718 amici
600 666 678 733 jussa
695 666 834 735 pudorem,

162 736 257 792 Scribe
273 738 316 793 tui
332 740 425 808 gregis
441 740 514 794 huuc
531 744 561 794 et
577 742 677 795 fortem
695 741 777 795 crede
794 742 956 811 bonumque.

572 884 606 938 X.

161 960 252 1017 Uanus
269 967 418 1018 amatorem
437 965 555 1019 Fuscum
574 967 679 1020 salvere
693 953 824 1035 jubemus

161 1036 244 1091 Ruris
261 1043 404 1107 amatores,
422 1041 474 1095 hac
490 1042 519 1094 in
536 1058 568 1095 re
586 1042 689 1096 scilicet
706 1059 761 1096 una

160 1112 233 1166 Mult
221 1117 281 1167 tum
298 1082 450 1183 dissimiles,
468 1117 505 1169 ad
522 1117 631 1171 laetere
646 1134 734 1186 paene
751 1118 875 1186 gemelli3

160 1187 303 1242 Fraternis
321 1190 419 1243 animis
427 1191 573 1258 quidquid
589 1196 673 1260 negat
689 1193 761 1246 alter
777 1198 807 1247 et
824 1193 908 1258 alter3

161 1257 317 1318 Annuimus
333 1265 438 1344 pariter
455 1267 540 1319 vetuli
558 1269 671 1337 notique
688 1268 812 1322 columbi.
1000 1283 1016 1332 o,

160 1338 201 1392 Tu
218 1340 314 1393 nidum
332 1356 439 1405 servas;
457 1358 509 1410 ego
525 1341 607 1396 laudo
624 1344 696 1397 ruris
713 1343 820 1397 amoeni

160 1414 245 1468 Rivos
262 1418 292 1469 et
308 1431 402 1469 musco
420 1383 571 1471 circumlita
588 1435 653 1472 saxa
669 1435 827 1488 nemusque

160 1490 234 1554 Quid
251 1491 380 1559 quaeris?
415 1492 486 1545 Vivo
504 1497 534 1546 et
551 1511 636 1561 reguo
653 1494 733 1548 simul
751 1496 805 1548 ista
822 1494 920 1564 reliqui

159 1565 235 1630 Quae
252 1582 301 1620 vos
317 1566 355 1620 ad
372 1568 477 1621 caelum
494 1567 575 1622 fortis
590 1586 698 1623 rumore
716 1571 849 1625 secundo:

158 1641 253 1711 thue
271 1643 421 1697 sacerdotis
437 1643 569 1712 fugitivus
587 1645 643 1698 liba
660 1655 768 1712 recus03
989 1663 1012 1700 ro

47 1734 49 1738 ¹
158 1717 233 1770 Pane
251 1734 317 1787 egeo
335 1718 395 1788 jam
412 1719 525 1774 mellitis
542 1720 647 1789 potiore
663 1720 803 1791 placentis.

122 1827 125 1831 ›
158 1793 260 1848 Vivere
277 1798 391 1849 naturae
408 1796 432 1848 si
450 1797 642 1850 convenienter
659 1801 769 1866 oportet

159 1869 360 1939 Ponendaeque
378 1871 459 1924 domo
477 1872 634 1940 quaerenda
651 1877 695 1927 est
711 1890 775 1927 area
791 1873 916 1942 primum,

157 1943 301 2009 Novistine
319 1946 406 2000 locum
423 1947 558 2016 potiorem
576 1965 642 2001 rure
658 1947 760 2003 beatol
879 1966 880 1969 ’

157 2020 210 2074 Ειι
227 2020 275 2074 ubi
292 2021 354 2089 plus
371 2025 485 2091 tepeant
502 2024 614 2091 hiemes,
631 2023 679 2078 ubi
696 2023 800 2092 gratior
816 2040 881 2078 aum
988 2039 1010 2079 15

158 2095 258 2150 Leniat
275 2100 305 2151 et
322 2095 426 2151 rabiem
445 2098 526 2153 Canis
544 2104 574 2153 et
590 2106 729 2153 momenta
746 2100 853 2168 Leonis,

158 2172 228 2226 (lum
246 2173 330 2226 semel
348 2174 453 2243 accepit
471 2174 561 2229 Solem
578 2174 741 2229 furibundus
758 2178 891 2231 acutuml

157 2248 209 2301 Est
225 2247 274 2302 ubi
293 2249 405 2303 divellat
423 2266 530 2304 somnos
547 2251 637 2305 minus
654 2252 746 2305 invida
762 2254 847 2306 curui

157 2323 287 2378 Deterius
306 2325 414 2394 Libycis
432 2327 488 2380 olet
505 2332 553 2381 aut
571 2328 643 2381 nitet
660 2328 746 2382 herba
763 2327 882 2397 lapillisl

158 2399 255 2453 Purior
271 2400 300 2454 in
318 2401 385 2455 vicis
401 2419 474 2469 aqua
490 2403 583 2456 tendit
599 2420 727 2472 rumpere
744 2403 885 2471 plumbum
984 2423 1009 2460 ιο
1078 2438 1081 2443 «

157 2474 245 2539 Quam
257 2493 328 2545 quae
339 2493 390 2545 per
401 2494 527 2607 pronumt
528 2478 650 2546 trepidat
662 2496 723 2533 cum
734 2496 874 2534 murmure
885 2484 993 2535 rivum'l

156 2549 264 2619 Nempe
281 2552 353 2607 inter
371 2553 459 2607 varias
475 2557 551 2607 nutru
552 2554 684 2608 tursilva
701 2555 845 2624 columnas,

157 2624 353 2697 Laudaturque
371 2629 468 2683 domus
485 2629 580 2698 longos
598 2646 667 2699 quae
684 2632 815 2700 prospicit
832 2649 917 2699 agros.

156 2701 293 2757 Naturam
311 2704 432 2772 expellas
449 2705 527 2759 furca
544 2710 638 2759 tamen
655 2723 743 2775 usque
759 2711 889 2774 recurret,

156 2776 193 2831 Et
210 2779 283 2832 mala
300 2783 462 2849 perrumpet
479 2781 575 2849 furtim
595 2781 706 2835 fastidia
722 2782 828 2838 victrix.

155 2852 182 2906 N
184 2869 219 2923 ou
237 2854 285 2924 qui
303 2855 415 2909 Sidonio
432 2857 600 2910 contendere
618 2858 731 2912 callidus
748 2864 823 2913 ostro

155 2928 252 2983 Nescit
272 2930 440 2999 Aquinatem
458 2932 582 3000 potantia
599 2933 702 2987 vellera
718 2934 810 2988 fucum

156 3005 266 3059 (lertius
283 3006 398 3076 accipiet
416 3007 546 3076 ἀιιιιιιιιιιι
563 3009 730 3078 propiusque
747 3010 882 3076 medullis,

156 3079 244 3144 Quam
261 3081 309 3149 qui
327 3098 380 3135 uon
398 3083 502 3151 poterit
519 3100 584 3137 vero
602 3084 772 3151 distinguere
789 3084 895 3140 falsuna

157 3156 245 3220 Quem
262 3173 307 3210 res
324 3157 386 3225 plus
403 3158 487 3211 nimio
505 3158 677 3212 delectavere
696 3160 838 3227 secundae,
972 3163 1008 3215 'eo

156 3230 282 3286 Matutae
300 3233 433 3299 quatient.
470 3232 498 3285 Si
517 3234 585 3301 quid
602 3234 739 3299 minitere
755 3252 840 3304 pones
