2275 3550
402 197 557 247 nonam
574 195 705 244 nmocr
760 169 762 173 ’

525 345 577 400 VI.

262 431 386 496 Semini,
406 428 497 483 Gades
515 429 624 483 aditure
641 446 747 484 mecum
765 439 795 487 et

262 505 431 560 Cantabrum
447 503 588 558 indoctum
603 504 673 572 juga
690 506 762 558 ferre
779 507 873 560 nostra
889 509 920 561 et

262 581 398 635 Barbarae·
416 580 510 648 Syrtes
520 580 576 634 'ubi
594 580 692 634 Maura
709 597 817 650 semper

297 658 416 710 Aestuat
434 657 514 722 unda,

262 733 347 786 'l'ibur
366 732 458 801 Argeo
476 732 596 800 positum
613 732 706 786 colono

263 808 306 861 Sit
323 824 400 861 nicae
418 807 497 861 sedes
515 808 621 861 utinam
639 811 771 875 senectae,

262 883 305 938 Sit
321 883 419 937 modus
437 884 507 936 lasso
524 883 609 937 maris
627 887 656 938 ct
673 884 776 937 viarum

243 957 246 962 ’
294 959 486 1026 Militiaeque!

262 1034 344 1088 Unde
361 1034 385 1087 si
404 1033 506 1087 Parcae
523 1033 672 1102 prohibent
688 1033 805 1102 iniquae,

262 1108 349 1163 Dulce
366 1109 468 1178 pellitis
486 1108 581 1162 ovibus
600 1108 708 1162 Galaesi

262 1185 379 1239 Flumen
397 1188 427 1238 et
443 1186 557 1252 regnata
574 1188 667 1252 petam
686 1183 785 1237 Laconi

298 1262 375 1315 Rura
393 1260 553 1314 Phalantho.
580 1294 582 1297 -

263 1337 316 1392 Ille
332 1342 469 1391 terrarum
487 1336 554 1389 mihi
572 1339 683 1404 praeter
700 1351 794 1389 omne,

264 1414 391 1481 Angulus
408 1411 482 1465 ridet
500 1410 549 1464 ubi
566 1427 620 1464 non
640 1411 772 1478 Hymetto

263 1489 348 1544 Mella
365 1486 503 1541 decedunt
520 1485 656 1553 viridique
674 1488 764 1538 certat

299 1564 387 1617 Bacca
405 1561 543 1626 Venafr03

263 1639 322 1693 Ver
339 1637 387 1691 ubi
403 1637 515 1704 longum
532 1635 696 1705 tepidasque
712 1637 829 1704 praebet

262 1714 394 1783 luppiter
411 1712 528 1780 brumas,
548 1715 578 1765 et
596 1712 697 1764 amicus
717 1711 808 1765 Aulon
862 1764 864 1767 .

264 1790 361 1846 Fertili
379 1788 486 1844 Baccho
504 1787 646 1842 minimum
665 1787 788 1841 Falernis

300 1866 411 1920 Invidet
428 1865 494 1918 uvis.

264 1942 317 1997 Ille
334 1944 364 1996 te
381 1956 488 1994 mecum
504 1939 581 1994 locus
597 1942 627 1994 et
643 1939 742 1993 beatae

264 2017 410 2071 Postulant
427 2032 521 2081 arces;
538 2016 577 2069 ibi
595 2019 627 2070 tu
645 2015 779 2069 calentem

265 2093 368 2149 Debita
385 2108 495 2159 sparges
513 2089 625 2145 lacrima
642 2089 763 2143 favillam

300 2168 382 2222 Vatis
399 2167 485 2220 amici.

520 2305 590 2359 VII.

235 2450 238 2454 ,
266 2391 290 2445 0
309 2407 395 2444 saure
412 2404 519 2441 mecum
535 2397 646 2455 tempus
663 2386 692 2438 in
709 2385 837 2439 ultimum

266 2465 399 2532 Deducte,
418 2464 505 2517 Bruto
523 2463 638 2515 militiae
656 2461 732 2529 duce,

302 2541 368 2604 Quis
386 2545 415 2594 te
432 2538 577 2592 redonavit
596 2537 732 2601 Quiritem

335 2617 385 2669 Dis
403 2615 500 2683 patriis
519 2613 646 2681 Italoque
664 2613 744 2678 caelo,

267 2691 380 2760 Pompei
398 2705 521 2743 meorum
538 2689 628 2757 prime
646 2688 787 2755 sodalium,

266 2768 337 2822 Cum
355 2782 409 2835 quo
426 2767 579 2818 morantem
597 2781 679 2834 saepe
696 2764 770 2817 diem
787 2775 863 2817 moro

301 2842 385 2910 Fregi
403 2844 547 2894 coronatus
564 2840 685 2894 nitentes

226 2949 228 2954 >
335 2916 509 2972 Malobathro
527 2916 604 2984 Syrio
623 2916 751 2983 capillosl

267 2996 367 3049 Tecum
380 2989 525 3061 Philippos
542 2995 572 3045 et
588 2991 704 3045 celerem
722 2992 816 3060 fugam

266 3070 344 3127 Sensi
362 3069 458 3123 relicta
474 3084 528 3121 non
545 3066 616 3121 bene
633 3066 764 3136 parmula,

303 3146 373 3200 Cum
390 3145 477 3198 fracta
493 3143 581 3196 virtus
599 3146 628 3196 ct
645 3142 764 3196 minaces

337 3220 428 3289 Turpe
446 3219 532 3274 solum
549 3218 669 3285 tetigere
685 3222 783 3277 mento,
831 3243 832 3248 ¹
