2275 3550
111 199 160 247 ace
283 211 289 220 ·
385 173 686 248 Romanensem

112 276 243 333 Offendor
260 277 380 347 maculis,
399 293 467 347 quas
484 272 533 331 aut
550 275 657 331 incuria
672 275 746 332 fudit

113 354 173 407 Aut
191 350 310 407 humana
326 370 423 423 parum
442 349 513 407 cavit
530 356 637 407 natura
673 350 748 417 Quid
766 369 831 423 ergo
849 354 911 412 esti

112 426 153 482 Ut
171 429 287 498 scriptor
305 429 328 482 si
346 431 441 497 peccat
458 416 532 483 idom
550 423 679 482 librarius
696 445 784 495 usque

113 504 242 567 Quamvis
259 507 303 557 est
320 504 439 560 monitus
457 504 536 557 venia
554 505 645 567 caret;
663 506 694 557 ut
711 499 886 558 citharoedus
927 519 970 561 ³⁵5

113 579 232 635 Ridctur
250 578 353 633 chorda
370 579 418 648 qui
436 594 544 646 semper
561 578 672 632 oberrat
691 578 802 634 endem:

113 656 158 711 Sic
176 656 243 710 mihi
260 656 308 724 qui
326 656 443 709 multum
460 656 549 709 cessat
567 653 601 706 fit
621 653 764 707 Choerilus
781 654 836 722 ille,

113 732 201 798 Quem
218 727 262 785 his
280 735 358 789 terre
375 722 477 784 bonum
493 745 555 783 cum
574 729 632 782 risu
650 729 749 794 miror;
768 735 798 784 ct
815 730 889 786 idem

113 809 246 877 Indignor
266 806 428 876 quaudoque
446 803 534 858 bonus
552 803 686 858 dormitat
705 804 858 872 Homerus3

114 885 228 951 (Verum
247 883 322 951 operi
341 881 420 948 longo
438 881 480 933 fas
497 882 541 933 est
559 878 692 947 obrepere
711 883 850 947 somnum.)
930 897 969 938 sto

113 960 154 1014 Ut
171 960 279 1028 pictura
297 955 401 1025 poesis:
418 954 472 1008 erit
490 970 560 1021 quae
580 953 604 1006 si
622 956 734 1023 propius
751 959 809 1009 stes

114 1035 152 1089 Te
168 1033 259 1103 capiat
276 1031 371 1099 magis,
391 1033 420 1084 et
439 1029 576 1098 quaedam
596 1029 619 1082 si
638 1029 745 1098 longius
763 1031 864 1086 abstcs.

114 1110 192 1164 Haec
208 1112 283 1163 amat
300 1106 452 1173 obscurum,
469 1104 544 1158 volet
562 1104 630 1158 hacc
647 1105 703 1159 sub
717 1107 777 1160 luce
793 1108 888 1177 rideri,

113 1185 222 1240 Judicis
240 1186 370 1253 argutum
387 1197 457 1251 quae
473 1197 528 1234 non
546 1180 679 1235 formidat
698 1198 828 1249 acumen3

114 1260 194 1316 Haec
211 1261 314 1330 placuit
331 1257 423 1325 semel,
440 1256 508 1310 haec
526 1256 618 1310 decies
635 1258 756 1326 repetita
773 1259 900 1328 placebit
931 1274 968 1314 ros

114 1336 139 1391 0
158 1337 246 1406 major
260 1335 402 1403 juvenum,
421 1331 545 1401 quamvis
563 1335 594 1385 et
612 1348 678 1387 voce
696 1337 812 1402 patema

115 1410 240 1480 Fingeris
256 1410 294 1464 ad
310 1412 417 1464 rectum
434 1412 464 1462 et
480 1413 530 1477 p‘er
545 1410 577 1461 te
594 1409 676 1478 sapis,
693 1409 745 1462 hoc
761 1409 813 1463 tibi
831 1409 935 1465 dictum

115 1486 190 1540 'lolle
209 1502 322 1551 memor,
340 1483 423 1538 certis
441 1484 562 1537 medium
581 1487 611 1537 et
628 1483 772 1538 tolerabile
789 1484 873 1539 rebus

116 1559 202 1616 Recte
220 1559 337 1615 concedi.
373 1558 519 1613 Consultus
533 1558 607 1626 juris
627 1563 657 1614 et
675 1563 753 1614 actor

116 1638 265 1693 Causarum
283 1633 427 1688 mediocris
446 1632 525 1686 obest
541 1633 645 1688 virtute
663 1634 761 1688 diserti
933 1652 970 1692 tro

116 1712 261 1768 Messallae
282 1727 332 1764 nec
351 1710 402 1763 scit
420 1711 552 1778 quantum
572 1709 720 1764 Cascellius
739 1711 836 1781 Aulus,

116 1789 173 1845 Sed
190 1793 284 1843 tamen
301 1786 330 1840 in
348 1786 438 1856 pretio
457 1789 513 1839 est:
531 1785 714 1840 mediocribus
732 1803 793 1841 esse
810 1786 900 1856 poetis

116 1865 141 1919 N
145 1882 182 1925 on
198 1865 329 1929 homines,
348 1879 402 1915 non
421 1861 457 1928 di,
475 1877 531 1915 non
549 1868 707 1915 concessere
724 1863 873 1918 columnae.

116 1942 158 1996 Ut
175 1944 269 2009 gratas
286 1940 359 1993 inter
377 1953 485 1993 mensas
504 1936 664 2004 symphonia
682 1938 786 1992 discors

117 2017 155 2071 Et
167 2032 286 2070 crassum
297 2017 467 2082 unguentum
478 2015 508 2066 ct
520 2011 608 2065 Sardo
620 2028 681 2065 cum
693 2013 773 2067 melle
784 2030 904 2082 papaver
933 2027 970 2069 sss

118 2092 275 2157 Offendunt,
294 2092 403 2159 poterat
421 2086 484 2140 duci
505 2087 571 2155 quia
589 2103 672 2141 coena
692 2088 843 2143 sineistis:

119 2167 164 2222 Sic
180 2167 277 2220 animis
295 2168 390 2218 natum
408 2162 606 2231 inventumque
623 2167 720 2232 poema
733 2163 871 2233 Juvandis,

119 2243 148 2297 si
166 2241 278 2311 paulum
296 2254 401 2292 summo
420 2238 538 2291 decessit
555 2239 647 2306 vergit
662 2237 700 2292 ad
717 2239 809 2293 imum

119 2317 229 2371 Ludere
247 2315 295 2382 qui
312 2313 400 2367 nescit
418 2313 618 2380 campestribus
635 2313 756 2368 abstinet
772 2315 862 2382 armis,

119 2391 306 2458 Indoctusqua
324 2387 396 2458 pilae
415 2386 515 2440 discive
533 2387 656 2442 trochive
673 2390 797 2458 quiescit,
934 2405 972 2446 oso

119 2469 164 2522 Ne
183 2466 285 2534 spissae
303 2464 389 2519 risum
407 2462 506 2517 tollant
525 2463 636 2531 impune
655 2481 782 2521 coronae:

120 2544 174 2608 Qui
191 2540 279 2595 nescit
297 2554 393 2593 versus
411 2541 504 2592 tamen
521 2539 607 2592 audet
624 2539 737 2606 fingere.
773 2540 893 2605 Quidni?

120 2618 205 2673 Liber
222 2620 252 2670 ct
269 2616 411 2682 ingenuus,
429 2613 591 2682 praesertim
611 2629 709 2668 census
727 2620 885 2683 equestrem

120 2695 260 2749 Summam
277 2704 449 2743 nummorum
467 2688 589 2757 vitioque
606 2693 729 2744 remotus
746 2690 781 2744 ab
798 2692 879 2746 omni.

120 2770 162 2824 Tu
179 2768 249 2822 nihil
268 2766 355 2820 inrita
373 2763 449 2818 dices
465 2763 584 2817 faciesve
601 2763 742 2830 Minerva;
936 2781 971 2823 sss

122 2846 157 2899 Id
175 2844 227 2899 tibi
242 2841 379 2911 judicium
397 2842 449 2907 cst,
467 2855 500 2893 ea
518 2855 604 2894 mens.
640 2839 669 2893 Si
688 2841 756 2910 quid
773 2845 865 2896 mmen
882 2842 948 2896 olim

121 2920 267 2988 Scripseris
285 2918 314 2970 in
334 2915 423 2969 Maeci
443 2914 592 2968 descendat
607 2914 710 2982 judicis
728 2932 809 2969 eures

122 2996 159 3050 Et
174 2992 261 3062 patris
280 2995 309 3046 et
326 2994 442 3056 nostras,
460 3004 615 3055 nonumque
632 2993 773 3056 prematur
789 2990 818 3042 in
835 3007 943 3061 annum,

121 3068 289 3122 Membrauis
306 3067 380 3119 intus
398 3063 508 3133 positis:
526 3061 620 3115 delere
637 3063 731 3117 licebit

120 3143 201 3205 Quod
218 3158 272 3194 non
289 3140 423 3202 edideris3
440 3136 526 3189 nescit
543 3149 596 3187 vox
613 3136 697 3189 missa
714 3139 822 3192 reverti.
935 3157 970 3196 son

120 3212 266 3269 silvestres
282 3214 406 3267 homines
423 3226 499 3264 sacer
516 3210 707 3277 interpresque
723 3211 838 3267 deorum
