2275 3550
403 220 695 271 srrsrounsumr.
710 222 748 271 19.
968 218 1013 287 rea

160 298 283 369 Occupat
301 298 408 354 obscuri
426 300 552 370 speciem,
569 300 723 355 taciturnus
741 299 839 357 acerbi.
992 301 1017 342 95

160 374 240 430 Inter
257 379 355 430 cuncta
371 377 446 444 leges
464 380 493 431 et
510 376 708 445 percontabere
725 375 828 441 doctos,

161 450 222 514 Qua
238 452 344 505 ratione
362 468 447 520 queas
464 452 611 506 traducere
628 452 728 505 leniter
745 467 857 516 aerum3

159 526 235 579 Num
253 530 282 580 te
300 542 409 597 semper
426 528 506 596 inops
523 528 611 596 agitet
628 530 764 596 vexetque
781 525 889 595 cupido,

159 597 235 656 Num
253 618 338 672 pavor
355 606 385 656 et
402 620 494 657 rerum
512 603 688 658 mediocriter
705 602 814 656 utilium
833 618 894 671 spes
900 620 910 667 3

161 676 303 738 Virtutem
321 677 446 732 doctrina
462 683 550 748 paret,
569 683 703 733 naturane
722 678 821 742 donet;
985 691 1018 730 loo

161 752 235 817 Quid
252 754 358 807 minuat
375 771 461 821 curas,
480 755 547 824 quid
564 758 594 809 te
611 755 663 810 tibi
680 755 782 809 reddat
798 753 926 821 amicum3

161 828 235 892 Quid
251 845 320 898 pure
337 830 505 898 tranquillet,
522 831 607 885 honos
624 847 659 885 an
678 831 757 885 dulce
774 829 910 896 lucellum,

162 906 207 978 An
225 907 361 958 secretum
378 905 433 958 iter
450 909 479 959 et
496 906 617 960 fallentis
635 907 733 960 semita
750 905 831 960 vitae.

161 980 209 1033 Me
226 981 334 1049 quoties
351 980 441 1034 reficit
457 982 565 1049 gelidus
583 982 713 1050 Digentia
730 982 813 1049 riuus,

161 1055 250 1119 Quem
268 1054 398 1110 Mandela
415 1051 494 1125 bibit,
511 1074 627 1125 rugosus
644 1057 745 1126 frigore
762 1071 856 1126 pegus,
982 1068 1017 1109 loc

162 1130 236 1193 Quid
254 1132 356 1184 sentire
373 1134 474 1200 putasl
498 1134 567 1202 quid
584 1133 681 1200 credis,
699 1133 793 1202 amice,
810 1130 937 1201 precarii

162 1205 206 1260 Sit
223 1206 290 1259 mihi
308 1206 388 1275 quod
399 1223 471 1260 nunc
489 1210 540 1274 est,
557 1208 641 1261 etiam
658 1209 769 1273 minus}
779 1211 809 1261 ct
825 1206 892 1259 mibi
910 1206 1000 1260 viram

163 1281 244 1346 Quod
261 1286 387 1351 superest
404 1282 473 1350 aeri,
491 1283 515 1336 si
532 1283 601 1352 quid
619 1299 760 1352 superesse
777 1282 874 1337 volunt
890 1280 934 1348 di;

55 1391 59 1397 ·
126 1357 206 1411 'Sit
223 1356 295 1410 bona
311 1356 443 1411 librorum
461 1361 490 1412 et
507 1358 631 1427 provisae
648 1359 735 1427 frugis
751 1359 782 1414 in
799 1374 901 1412 annum
994 1372 997 1378 ·

163 1433 256 1501 (topia,
274 1449 328 1487 nen
344 1429 450 1487 fluitem
468 1433 568 1489 dubiae
586 1450 635 1503 spe
652 1435 787 1506 pendulus
805 1435 895 1488 horae.
983 1449 1017 1490 110

163 1507 219 1562 Sed
236 1509 303 1562 satis
321 1512 364 1563 cst
381 1525 460 1564 orare
478 1510 577 1564 Jovem
595 1527 666 1579 quae
684 1510 769 1565 donat
787 1514 816 1566 et
834 1511 937 1564 aufert:

162 1583 220 1639 Det
237 1585 328 1656 vitam,
345 1585 394 1640 det
411 1601 485 1656 opes,
502 1602 620 1657 aequum
637 1588 675 1641 mi
693 1587 813 1642 animum
830 1586 890 1656 ipse
906 1582 1017 1661 parabo.

553 1728 633 1784 XIX.

165 1811 267 1865 Pmsco
286 1810 308 1864 si
326 1812 424 1878 credis,
443 1811 589 1866 Maecenas
607 1812 697 1881 docte,
714 1812 834 1881 Cratino,

165 1886 248 1939 Nulla
264 1886 372 1954 placere
390 1886 438 1939 diu
455 1903 506 1941 nec
523 1888 616 1941 vivere
634 1888 754 1941 carmina
770 1891 885 1956 possunt

165 1961 242 2025 Quae
260 1961 417 2015 scribuntur
434 1978 521 2030 aquae
538 1962 688 2031 potoribus.
721 1962 763 2016 Ut
779 1963 850 2016 male
867 1977 947 2016 sanos

165 2037 323 2105 Adscripsit
341 2037 425 2091 Liber
443 2037 548 2106 Satyris
567 2038 722 2107 Faunisque
739 2042 841 2107 potatas,

165 2113 238 2167 Vina
253 2112 314 2167 fere
331 2112 425 2167 dulces
442 2113 570 2166 oluerunt
588 2130 666 2167 mane
684 2114 826 2168 Camenae.
995 2141 1008 2181 5

165 2188 307 2243 Laudibus
324 2188 450 2256 arguitur
466 2189 523 2243 vini
539 2190 650 2243 vinosus
668 2189 819 2254 Homerus;

165 2264 270 2318 Ennius
287 2263 347 2332 ipse
363 2268 444 2335 pater
460 2281 600 2334 nunquam
616 2265 668 2318 nisi
686 2268 767 2334 potus
784 2263 820 2317 ad
837 2279 914 2320 arma

166 2340 296 2394 Prosiluit
314 2339 438 2394 dicenda.
474 2340 489 2368 “
497 2340 599 2394 Forum
616 2340 764 2410 putealque
782 2339 896 2393 Libonis

165 2414 304 2470 Mandabo
322 2416 406 2482 siccis,
425 2415 545 2470 adimam
562 2420 673 2470 cantare
691 2414 821 2469 severis:”

166 2493 228 2546 Hoc
246 2491 327 2545 simul
345 2491 418 2545 edixi
435 2507 490 2545 non
508 2508 649 2546 cessavere
665 2495 764 2561 poetae

166 2568 192 2620 N
195 2571 307 2621 octurno
326 2570 432 2621 certare
448 2583 532 2634 mero,
550 2571 648 2636 putere
667 2565 772 2620 diurno.

167 2643 248 2711 Quid,
267 2643 290 2696 si
308 2641 370 2711 qni's
386 2642 465 2697 vultu
482 2646 560 2697 torvo
578 2643 653 2696 ierus
670 2646 700 2695 et
716 2640 787 2710 pede
804 2640 880 2696 nudo

167 2718 346 2787 Exiguaeque
363 2721 444 2786 togae
462 2717 573 2772 simulet
589 2720 699 2772 textore
717 2717 857 2785 Catonem,

168 2792 345 2847 virtutemne
363 2796 553 2862 repraesentet
569 2809 714 2862 moresque
734 2792 861 2846 Caunist

168 2869 257 2937 Rupit
275 2869 410 2923 Iarbitam
428 2868 584 2936 Timagenis
601 2868 708 2922 aemula
724 2867 824 2935 lingna,
999 2877 1020 2915 1⁵

168 2944 243 2998 Dum
261 2944 356 2998 studet
373 2943 494 2997 urbanus
511 2944 656 3012 tenditque
675 2944 796 2997 disertus
813 2941 915 2996 haberi.

168 3019 280 3088 Decipit
296 3020 435 3088 exemplar
452 3019 526 3073 vitiis
543 3019 692 3085 imitabile;
710 3017 808 3088 quodsi

170 3094 306 3148 Pallerom
324 3111 388 3148 casu
404 3094 532 3149 biberent
549 3111 687 3163 exsangue
705 3094 847 3148 cuminum

170 3169 194 3222 0
212 3170 373 3239 imitatores,
391 3187 499 3224 serrum
516 3186 608 3239 pecus,
626 3174 658 3223 ut
675 3168 742 3223 mihi
760 3184 841 3236 saepe

171 3244 267 3313 Bilcm,
286 3263 368 3314 saepe
380 3245 475 3314 jocum
492 3245 578 3298 vestri
596 3261 705 3298 movere
715 3243 881 3298 ‚tumultuat
