2275 3550
97 193 158 252 ,198
284 189 438 239 HORATII
456 190 587 239 FLACOI
605 190 712 239 EPIST.
730 191 768 239 Π.
786 194 810 242 2.

112 270 260 342 Pauperies
277 269 418 325 immunda
435 272 542 324 domus.
552 270 648 340 procul
665 269 751 325 absit:
770 286 828 338 ege,
845 271 941 324 atium

112 346 190 401 Nave
206 347 280 399 ferar
297 362 396 414 magna
413 363 448 399 aa
465 362 556 413 parva,
574 347 647 398 ferar
664 362 736 398 unus
753 350 783 400 et
799 346 882 400 idem.
928 362 970 400 seu

112 422 139 476 N
141 439 176 475 on
193 422 300 490 agimur
316 421 429 475 tumidis
446 421 513 475 velis
530 421 658 489 aquilone
676 422 810 487 secundm

29 509 31 513 '
113 498 139 552 N
141 513 175 550 on
193 501 285 552 tamen
302 497 425 552 adversis
442 500 561 551 aetatem
580 496 704 550 ducimus
722 499 830 565 austris,

113 573 234 640 Viribus,
251 573 367 641 ingenio,
385 572 482 642 speeie,
500 573 694 641 virtutemne,
712 567 752 642 ie,

114 648 239 704 Extremi
255 648 412 716 primorum,
431 648 561 702 extremis
579 664 666 717 usque
680 648 792 716 priores.

113 725 177 779 Non
194 740 225 778 es
242 739 353 778 avarus:
371 723 431 789 abi3
450 723 524 791 quid,
543 727 652 777 caetera
664 723 724 791 jam
743 724 824 778 simul
841 724 895 777 istu
930 738 969 778 ses

109 800 184 854 >Cum
201 799 268 853 vitio
284 798 397 866 fugeret
434 798 518 870 Caret
534 798 588 852 tibi
605 803 702 867 peetus
718 800 793 853 inani

114 875 290 930 Ambitione?
326 874 410 929 Caret
427 875 523 928 mortis
541 875 686 928 formidine
703 879 733 929 et
750 877 808 930 irai

114 952 231 1020 Somnia,
249 954 370 1005 terrores
387 950 514 1018 magicos,
532 950 670 1018 miracula
689 967 776 1018 sagas,
806 1000 818 1016 ‚

114 1028 141 1082 N
143 1032 270 1081 oeturaos
287 1027 406 1081 lemures
422 1028 607 1095 portentaque
625 1025 755 1079 Thessala
771 1024 866 1080 1111111

116 1103 230 1158 Natales
247 1106 327 1172 grate
344 1104 488 1156 numerasi
525 1100 648 1170 Ignoseis
666 1101 779 1157 amieist
932 1117 968 1155 111

115 1180 215 1235 Leuior
233 1184 263 1234 et
279 1178 375 1232 melior
393 1178 426 1232 iis
443 1175 591 1231 accedente
609 1178 739 1254 senectai

116 1256 191 1322 Quid
207 1259 238 1310 te
254 1257 383 1323 exempta
399 1253 473 1307 levat
490 1252 574 1321 spinis
592 1251 629 1305 de
646 1251 770 1321 pluribus
787 1253 862 1307 anai
912 1254 914 1258 ’

115 1331 218 1387 Vivere
236 1331 259 1384 si
277 1333 352 1384 recte
369 1329 456 1383 neseis
474 1326 578 1396 decede
595 1327 700 1397 peritia

116 1406 220 1461 Lusisti
237 1405 312 1473 satis,
330 1404 414 1458 edisti
431 1403 499 1457 satis
515 1405 600 1471 atque
617 1400 724 1456 bibisti:

117 1483 236 1551 Tempus
253 1479 329 1534 abire
346 1478 399 1533 tibi
416 1481 466 1545 est,
485 1481 634 1546 nepotum
652 1477 755 1545 largius
772 1493 861 1549 aequo
932 1494 968 1533 215

118 1557 220 1613 Rideat
235 1560 264 1611 et
278 1555 370 1625 pulset
385 1553 485 1608 lasciva
502 1551 645 1608 decentius
658 1553 755 1608 aetas?
