2275 3550
125 194 157 247 90
399 197 553 246 HORATII
571 197 702 246 FLAOOI

226 275 294 332 Edit
311 277 407 330 cicutis
424 277 517 330 allium
534 275 683 331 nocentius

260 351 284 403 Ο
303 351 372 405 dura
389 368 539 405 messorum
556 351 616 405 ilia!

226 426 300 491 Quid
317 426 367 479 hoc
384 427 482 480 veneni
500 427 587 480 saevit
604 425 633 479 in
650 424 834 495 praecordiis?
959 431 973 470 ⁵

259 502 333 554 Num
350 501 488 569 viperinus
505 501 547 555 his
565 517 646 555 cruor

226 574 353 629 Inooctus
371 576 464 631 herbis
481 594 525 631 me
543 576 661 632 fefellit?
679 592 714 630 an
730 575 816 629 malas

260 650 375 705 Canidia
391 653 521 707 tractavit
539 651 641 720 dapes?

225 725 266 780 Ut
284 728 459 794 Argonautas
475 732 587 798 praeter
604 744 698 782 omnes
715 724 860 781 candidum

259 801 361 856 Medea
378 803 478 857 mirata
495 806 538 857 est
556 804 662 872 ducem,
951 818 974 857 ro

224 875 324 944 Ignota
340 878 427 932 tauris
443 878 611 946 illigatmum
624 879 694 948 juga

259 952 391 1007 Perunxit
407 954 458 1008 hoc
475 954 621 1020 Jasonem3

224 1026 287 1081 Hoc
304 1028 434 1084 delibutis
451 1030 511 1084 ulta
527 1029 607 1084 donis
625 1030 759 1101 pellicem

258 1102 392 1173 serpente
408 1104 480 1173 fugit
497 1105 570 1161 alite.

222 1178 250 1232 N
251 1195 282 1233 ec
298 1183 393 1239 tantus
410 1197 530 1250 unquam
548 1181 670 1237 siderum
686 1180 789 1238 insedit
804 1197 888 1252 vapor
948 1197 971 1238 rs

258 1255 417 1311 Siticulosae
435 1257 559 1327 Apuliae,

222 1329 250 1383 N
251 1347 282 1384 ec
299 1348 397 1385 munus
414 1332 536 1386 humeris
553 1332 669 1387 efficacis
688 1332 815 1388 Herculis

257 1406 361 1460 Inarsit
378 1408 538 1462 aestuosius.

222 1479 264 1533 At
281 1480 304 1532 si
322 1481 391 1549 quid
407 1498 527 1549 unquam
544 1481 602 1534 tale
618 1482 811 1551 concupiveris,

256 1554 275 1608 J
277 1571 356 1609 ocose
373 1556 525 1623 Maecenas,
542 1572 641 1624 precor
945 1573 969 1614 ao

221 1629 334 1684 Manum
351 1630 444 1701 puella
461 1630 534 1685 savio
551 1633 670 1699 opponat
687 1634 736 1685 tuo

255 1704 386 1759 Extrema
403 1705 479 1760 etin
497 1705 602 1776 sponda
618 1704 709 1760 cubet.

517 1848 570 1905 IV.

219 1930 306 1991 Imms
324 1935 354 1987 et
370 1931 448 2000 agnis
465 1935 568 2001 quanta
586 1931 685 1987 sortito
702 1930 810 2001 obtigit,

253 2007 353 2061 Tecum
370 2008 438 2062 mihi
456 2008 592 2063 discordia
608 2011 659 2078 est,

218 2080 357 2137 Hibericis
374 2088 487 2152 peruste
503 2084 614 2139 funibus
631 2083 704 2138 latus

252 2158 289 2212 Et
306 2175 386 2213 crura
403 2160 473 2214 dura
490 2160 628 2229 compede.

217 2230 295 2286 Licet
312 2233 447 2301 superbus
464 2234 587 2287 ambules
603 2234 725 2301 pecunia,
952 2249 966 2291 δ

251 2306 375 2360 Fortuna
390 2324 445 2362 non
462 2311 552 2362 mutat
568 2324 661 2374 genus

217 2378 344 2450 Videsne,
362 2381 473 2437 Sacram
490 2381 622 2435 metiente
638 2385 669 2435 te
685 2380 757 2434 viam

250 2455 320 2510 (ium
337 2456 380 2511 bis
397 2457 482 2511 trium
498 2458 623 2510 ulnarum
640 2460 712 2531 toga,

217 2528 258 2586 Ut
274 2548 323 2586 ora
339 2536 430 2588 vertat
447 2533 500 2589 huo
518 2537 547 2587 et
563 2533 618 2586 huo
634 2532 757 2586 euntium

249 2606 403 2663 Iiberrima
418 2608 591 2676 indignatio?
939 2624 962 2665 lo

214 2680 310 2737 Sectus
327 2684 442 2752 flagellis
459 2684 504 2738 hio
520 2681 735 2739 triumviralibus

248 2756 393 2813 Praeconis
410 2758 447 2814 ad
464 2758 606 2813 fastidium

213 2833 287 2888 Arat
305 2834 414 2890 Falerni
431 2835 506 2890 mille
523 2835 602 2888 fundi
616 2834 717 2903 jugera

247 2909 285 2964 Et
303 2911 424 2982 Appiam
441 2910 548 2966 mannis
564 2911 640 2981 terit,

213 2981 404 3056 Sedilibusque
421 3002 536 3055 magnus
553 2985 583 3037 in
599 2984 696 3054 primis
713 3000 799 3054 eques

247 3058 357 3116 Othone
374 3065 530 3131 contempto
548 3059 644 3116 sedet!

212 3129 287 3196 Quid
303 3138 405 3192 attinet
421 3142 465 3192 tot
482 3153 530 3192 ora
547 3136 657 3190 navium
674 3135 752 3203 gravi

247 3207 378 3266 Rostrata
395 3213 458 3267 duci
474 3211 597 3282 pondere
