2275 3550
428 198 634 248 CARMINU'M
650 199 702 247 IV.
718 202 741 247 8.
978 194 1010 244 77

193 274 253 341 Quo
268 281 331 346 plus
349 278 458 333 Aeneas
474 293 530 347 quo
547 277 626 331 dives
642 277 737 331 I‘ullus
753 280 783 332 et
801 281 896 332 Ancus
986 286 1010 331 ιε
1119 254 1121 325 l

226 351 319 406 Pulvis
336 356 366 407 et
382 353 481 406 umbra
498 369 599 407 sumus.

192 426 260 493 Quis
277 428 328 481 scit
344 445 380 482 an
397 427 528 496 adjiciant
545 428 694 482 hodiernae
711 427 830 483 crastina
847 443 968 482 summae

225 502 359 572 Tempora
375 503 405 557 di
423 504 531 571 superii

191 576 297 632 Cuncta
314 594 411 632 manus
428 578 523 632 avidas
539 579 648 648 fugient
663 578 774 633 heredis
790 578 877 636 amieo

129 665 134 675 ’
226 652 302 718 Quae
320 654 431 708 dederis
449 654 546 708 animo.
985 668 1008 706 ao

191 727 261 783 Cum
278 730 363 784 semel
379 729 511 784 occideris
528 733 558 784 ct
575 730 613 783 de
628 733 659 784 te
676 728 822 797 splendida
837 727 935 783 Miuos

225 804 336 860 Fecerit
352 805 474 875 arbitria,

190 878 217 937 N
218 896 261 949 on,
278 882 423 951 Torquate,
441 897 537 950 genus,
554 897 610 936 non
626 883 659 949 te
673 880 809 947 facundia,
826 895 882 934 non
897 881 929 935 te

225 955 366 1012 Restituet
382 958 487 1027 pietas;

191 1029 311 1085 Infernis
327 1033 508 1101 nequeenim
525 1032 648 1086 tenebris
666 1031 755 1085 Diana
771 1030 902 1100 pudicum
986 1043 1009 1080 aa

224 1105 337 1161 Liberat
356 1108 564 1176 Hippolytum,

191 1181 251 1236 Nec
267 1180 389 1235 Lethaea
404 1183 478 1237 valet
495 1182 617 1236 Theseus
634 1181 799 1249 abrumpere
815 1194 879 1233 carc

224 1254 341 1310 Vincula
358 1256 504 1311 Peirithoo.

534 1398 621 1453 VIII.
638 1421 640 1424 ’

223 1479 367 1536 Doummr
384 1482 495 1549 pateras
511 1484 647 1550 grataque
663 1480 828 1549 commodus,

223 1556 378 1625 Censorino,
394 1556 464 1610 meis
480 1572 544 1610 aera
561 1556 707 1624 sodalibus,

214 1630 360 1685 -Donarem
378 1631 508 1701 tripodas,
526 1631 648 1701 praemia
663 1631 777 1685 fortium

223 1706 375 1775 Graiorum,
392 1723 483 1777 neque
499 1711 532 1761 tu
548 1708 668 1777 pessima
684 1723 827 1761 munerum

103 1785 113 1801 ¹
224 1782 331 1850 Ferres,
349 1782 435 1836 divite
452 1799 497 1835 me
515 1784 618 1838 scilicet
635 1783 737 1836 artium
809 1802 813 1808 ·
996 1795 1009 1835 ⁵

223 1857 298 1921 Quas
315 1860 364 1911 aut
382 1857 544 1910 Parrhasius
560 1858 677 1926 protulit
693 1860 743 1910 aut
760 1857 868 1924 Scopas,

224 1932 279 1986 Hie
297 1949 370 1999 saxo,
388 1931 501 2000 liquidis
517 1931 564 1984 ille
582 1930 718 1984 coloribus

223 2007 324 2062 Sollers
342 2023 414 2061 nunc
432 2006 570 2059 hominem
587 2022 697 2074 ponere,
714 2021 787 2059 nunc
805 2006 896 2061 deum.

223 2083 280 2138 Sed
297 2099 351 2137 non
367 2083 435 2136 haee
445 2081 512 2134 mihi
529 2081 578 2149 vis,
594 2097 649 2134 non
666 2081 720 2135 tibi
737 2082 835 2135 talium

223 2158 281 2213 Res
298 2161 341 2212 cst
358 2160 407 2211 aut
423 2157 530 2211 animus
548 2156 707 2211 deliciarum
725 2173 816 2225 egens.
988 2175 1008 2210 n

223 2235 335 2289 Gaudos
351 2232 531 2297 carminibus3
551 2233 673 2286 camina
689 2248 835 2306 possumus

223 2310 333 2364 Donare
350 2311 380 2363 et
396 2308 517 2378 pretinm
535 2307 628 2362 dicere
644 2308 769 2366 muneri„

223 2385 287 2438 Non
304 2384 390 2438 incisa
406 2383 480 2437 notis
496 2379 634 2436 marmora
650 2382 775 2452 publicis,

221 2461 278 2514 ,Per
295 2476 365 2529 quae
383 2459 497 2528 spiritus
514 2462 544 2514 et
561 2459 620 2512 vita
636 2458 715 2512 redit·
727 2457 808 2510 bonis

223 2535 290 2589 Post
306 2538 424 2589 mortem
442 2534 565 2602 ducibus,
583 2549 638 2588 non
654 2533 758 2587 celeres
773 2532 856 2601 fugae
987 2546 1008 2586 ιε

223 2610 410 2679 Itejectaeque
427 2613 579 2663 retrorsum
598 2609 760 2662 Hannibalis
777 2609 875 2677 minae,

190 2685 198 2702 ⁶
222 2685 248 2740 N
250 2701 286 2739 on
303 2684 429 2739 incendia
447 2684 628 2752 Karthaginis
645 2684 754 2753 impiae,

222 2761 292 2829 Ejus
309 2760 356 2829 qui
374 2759 479 2814 domita
495 2775 596 2813 nomen
616 2759 652 2812 ab
671 2759 766 2813 Africa

133 2895 136 2901 ,
221 2836 358 2890 Lucratus
375 2835 461 2890 rediit
478 2834 579 2888 clarius
596 2834 720 2888 indicant

181 2957 187 2961 .
223 2911 341 2978 Laudes,
360 2927 442 2979 quam
461 2909 594 2964 Calabrae
613 2909 749 2963 Pierides:
766 2925 857 2977 neque
984 2919 1008 2959 ao

222 2987 252 3042 Si
269 2987 382 3041 chartae
395 2986 493 3040 sileant
511 2986 587 3055 quod
604 2986 675 3039 bene
692 2985 789 3038 feceris

222 3062 381 3118 Mercedem
397 3061 502 3116 tuleris.
539 3060 613 3126 Quid
630 3061 704 3114 foret
722 3060 790 3113 Iliae

222 3138 411 3207 Mavortisque
429 3153 497 3204 puer
515 3136 539 3189 si
556 3136 733 3189 taciturnitas

223 3214 356 3269 Obstaret
372 3211 480 3267 meritis
497 3211 592 3265 invida
609 3209 736 3265 Romulit
