2275 3550
131 173 176 218 loo
242 217 247 227 ,
403 168 556 217 HORATII
572 167 702 216 FLAool

130 246 178 300 Nil
195 246 317 300 medium
333 251 383 300 est
419 247 489 301 Sunt
507 246 554 315 qui
571 246 659 299 nolint
676 244 803 313 tetigisse
818 248 873 302 nisi
888 249 949 303 11111

129 321 251 384 Quarum
268 321 382 375 subsuta
399 321 469 374 talos
486 323 565 388 tegat
582 320 678 374 instita
694 323 788 387 veste3

130 396 233 450 Contra
249 397 318 449 alius
335 396 437 448 nullam
453 395 505 448 nisi
523 396 608 449 olenti
625 396 655 448 in
671 396 774 450 fornice
791 400 919 452 stantem.
954 412 979 450 so

130 471 248 536 Quidam
263 474 345 523 notus
361 472 441 524 homo
459 487 520 524 cum
538 472 627 524 exiret
643 470 752 537 fornice,
771 471 884 527 “Maote

130 545 243 600 Virtute
261 546 342 613 csto‚''
361 546 451 614 inquit
469 547 606 600 sententia
624 546 670 599 dia
687 546 807 602 Catonis.

130 621 202 677 Nam
219 622 300 675 simul
316 638 349 676 ac
366 638 449 676 venas
466 622 571 675 inflavit
588 625 662 676 tetra
678 620 765 674 libido

131 694 194 748 Huc
207 695 324 764 juvenes
341 713 458 764 aequum
475 700 518 749 est
535 696 710 764 descendere,
727 713 783 750 non
800 697 905 753 alienas.

131 770 286 824 Permolere
302 788 408 826 uxores.
442 771 557 824 “Nolim
574 771 732 838 laudarier,’'
750 772 847 841 inquit,
952 786 978 829 11

131 845 197 903 “Sic
214 847 281 913 me,’'
299 847 414 900 mirator
431 847 511 900 cunni
529 847 696 914 Cupiennius
713 847 776 902 albi.

40 958 47 972 .
130 922 237 977 Audire
254 925 297 976 111
314 938 411 990 operae
429 922 556 991 pretium,
573 923 723 990 procedere
742 926 817 977 recte

131 997 185 1060 Qui
201 997 327 1051 moechos
343 1014 397 1051 non
415 997 504 1064 vultis,
521 1001 554 1051 ut
572 999 646 1050 omni
663 1003 742 1067 parte
759 999 898 1066 laborent3

130 1071 225 1141 thue
242 1073 296 1126 illis
312 1073 398 1126 multo
416 1077 543 1141 corrupta
561 1073 655 1128 dolore
672 1075 805 1141 voluptas,

131 1148 225 1216 Atque
243 1148 310 1201 haec
326 1165 396 1215 rara,
414 1148 495 1201 cadat
512 1148 582 1213 dura
598 1149 672 1202 inter
690 1166 771 1216 saepe
788 1148 897 1217 pericla
953 1164 978 1206 40

131 1222 186 1276 Hic
204 1240 233 1277 11
251 1225 427 1292 praecipitem
443 1227 517 1277 tecto
534 1223 629 1289 dedit;
648 1224 695 1277 ille
712 1224 827 1291 flagellis

131 1298 179 1351 Ad
196 1306 313 1352 mortem
330 1315 438 1363 caesus3
455 1299 562 1366 fugiens
579 1299 624 1352 hic
642 1299 746 1353 decidit
762 1316 853 1353 acrem

131 1372 304 1427 Praedonum
314 1375 344 1427 in
355 1375 479 1439 turbam
497 1374 576 1427 dedit
587 1375 631 1428 1111
642 1392 692 1444 pro
704 1391 816 1443 corpore
827 1391 967 1442 nummos3

131 1448 214 1502 Hunc
230 1451 436 1517 perminxerunt
452 1450 575 1514 calones;
592 1450 658 1517 quin
676 1451 759 1504 etiam
776 1450 844 1503 illud

131 1524 248 1592 Accidit,
266 1530 298 1578 ut
315 1524 427 1592 quidam
445 1528 532 1578 testes
549 1525 719 1594 caudamque
737 1525 852 1593 salacem
955 1540 980 1582 11

131 1600 293 1654 Demeteret
309 1601 389 1654 ferro.
424 1600 494 1653 Jure
512 1616 605 1654 omnes
614 1622 621 1666 ;
640 1601 727 1654 Galba
744 1601 867 1668 negabat

132 1675 227 1729 'l'utior
243 1680 273 1730 at
291 1679 392 1744 quanto
409 1692 487 1729 merx
505 1679 549 1729 est
564 1676 594 1728 in
612 1677 697 1730 classe
715 1676 841 1743 secunda,

132 1751 334 1807 Libertinarum
352 1753 420 1820 dico,
439 1751 584 1806 Sallustius
601 1751 630 1805 in
648 1769 716 1822 quas
847 1800 851 1810 .

132 1828 159 1881 N
160 1846 195 1882 on
212 1830 301 1883 minus
318 1830 419 1883 insanit
436 1845 518 1898 quam
536 1830 584 1897 qui
601 1830 766 1883 moechatur.
801 1830 843 1883 At
858 1828 903 1882 bic
920 1828 944 1881 si

133 1904 193 1967 Qua
209 1922 261 1974 res,
279 1922 334 1975 qua
350 1905 420 1959 ratio
438 1905 575 1972 suaderet,
593 1921 701 1973 quaque
718 1905 842 1958 modeste
955 1918 979 1957 11

132 1980 262 2035 Munilico
279 1998 339 2035 esse
356 1982 427 2047 licet,
444 1981 528 2034 vellet
546 1979 633 2032 bonus
650 1983 734 2048 atque
752 1979 886 2048 benignus

133 2055 209 2123 Esse,
227 2057 307 2110 daret
324 2061 456 2125 quantum
473 2056 541 2108 satis
558 2060 701 2108 essetnec
718 2055 770 2108 sibi
788 2055 888 2108 damno

133 2130 323 2198 Dedecorique
341 2132 420 2184 foret.
455 2130 560 2182 Verum
578 2130 629 2183 hoc
647 2147 677 2184 11
693 2131 867 2197 amplectitur
883 2146 944 2196 uno,

134 2204 196 2259 Hoc
211 2209 286 2259 amat
303 2209 333 2258 et
350 2205 458 2258 laudat:
477 2204 654 2257 “Matronam
671 2204 773 2256 nullam
789 2221 841 2270 ego
857 2203 962 2272 tango?

132 2280 174 2335 Ut
191 2280 327 2349 quondam
346 2279 493 2344 Marsaeus,
513 2282 618 2330 amator
635 2277 753 2343 Originis
770 2277 823 2341 ille,
956 2293 981 2333 st

134 2357 188 2421 Qui
203 2354 323 2425 patrium
340 2354 439 2405 mimae
457 2353 541 2405 donat
557 2345 727 2417 fundumque
744 2349 891 2419 laremque,

133 2431 204 2485 “Nil
214 2429 298 2483 fuerit
309 2429 369 2496 mi,’'
381 2428 479 2496 inquit,
492 2428 506 2454 “
514 2444 575 2479 cum
586 2425 718 2479 uxoribus
728 2442 849 2494 unquam
861 2427 979 2481 alienis.’'

133 2508 239 2561 Verum
256 2508 299 2559 est
315 2521 377 2559 oum
394 2504 492 2571 mimis,
511 2505 554 2555 est
572 2518 633 2555 cum
650 2501 847 2569 meretricibus,
865 2502 938 2556 unde

134 2584 219 2643 Fama
229 2580 330 2634 malum
341 2579 450 2648 gravius
461 2594 543 2647 quam
555 2594 600 2630 res
611 2577 704 2630 1111111.
739 2579 784 2630 An
796 2577 848 2630 tibi
859 2577 969 2631 abunde

133 2660 281 2716 Personam
298 2656 365 2709 satis
382 2659 432 2722 est,
449 2670 503 2708 non
521 2653 591 2707 illud
607 2652 741 2722 quidquid
757 2652 860 2721 ubique
955 2669 980 2707 so

133 2734 224 2788 Officit
240 2732 359 2785 evitaret
395 2730 500 2784 Bonam
519 2728 672 2798 deperdere
688 2729 796 2797 famam,

133 2810 204 2864 Rem
214 2807 303 2879 patris
313 2806 451 2873 oblimare,
463 2805 564 2859 malum
577 2811 620 2859 est
631 2804 793 2873 ubicunque.
823 2802 895 2867 Quid
905 2802 979 2856 inter

132 2885 184 2939 Est
200 2886 230 2939 in
247 2885 377 2949 matrona,
394 2882 497 2949 ancilla,
515 2897 647 2951 peccesne
663 2881 773 2947 togata?

132 2959 231 3016 Villius
248 2959 278 3012 in
296 2958 398 3011 Fausta
416 2957 506 3010 Sullae
524 2974 615 3023 gener,
633 2957 685 3008 hoc
702 2955 785 3007 miser
800 2969 856 3007 uno

131 3032 158 3086 N
160 3035 250 3087 omine
268 3034 407 3101 deceptus,
425 3046 526 3099 poenas
544 3031 727 3097 deditusque
745 3044 880 3100 superque
955 3042 981 3083 15

132 3107 220 3171 Quam
237 3108 304 3162 satis
321 3111 371 3176 est,
388 3106 486 3175 pugnis
503 3121 598 3159 caesus
615 3106 742 3172 ferroque
759 3104 870 3171 petitus,

131 3177 264 3235 Exclusus
282 3183 341 3236 fore
357 3198 419 3235 cum
437 3180 615 3247 Longarenus
631 3180 703 3235 foret
719 3178 801 3232 intus
