2275 3550
415 209 629 265 SATIRARUM
646 209 682 256 IL
704 211 726 255 6.
963 206 1004 255 151

159 280 223 346 Siva
242 290 344 360 Aquilo
361 290 435 344 radit
452 293 540 343 terras
557 306 606 343 sen
622 288 719 342 bruma
735 286 853 341 nivalem
986 296 1011 342 25

160 365 296 420 Interiora
313 366 388 420 diem
404 384 470 435 gyro
484 366 579 433 trahit,
598 367 639 419 ire
656 381 766 418 neeesse
786 366 836 419 est.
901 411 905 420 .

161 440 316 508 Postmodo,
334 441 408 510 quod
425 442 463 493 mi
480 441 551 494 obsit
569 441 641 494 clare
658 446 817 508 certumque
834 439 931 509 locuto,

160 515 333 569 Luctandum
350 516 379 568 in
395 515 477 568 turba
495 519 524 568 et
540 515 664 568 facienda
680 514 781 583 injuria
798 515 893 568 tardis.

160 590 257 656 “Quid
273 592 321 658 ris,
332 591 433 658 insane,
452 594 481 644 et
498 607 565 659 quas
583 607 628 643 res
646 590 736 657 agist’'
756 589 894 658 improbus
911 584 1004 656 urget'

161 665 245 719 Iratis
262 665 402 735 precibus3
420 666 473 718 “tu
489 666 580 734 pulses
598 682 677 718 omne
694 664 768 733 quod
785 664 883 731 obstat,
984 681 1007 718 so

161 740 210 793 Ad
227 740 414 794 Maecenatem
433 741 545 793 memori
562 740 586 793 si
604 743 695 793 mente
712 755 835 792 resumas
844 739 868 792 2⁹²

161 815 223 869 Hoc
236 815 317 882 jurat
334 818 363 868 et
379 814 453 868 melli
471 818 528 880 est3
546 832 600 868 non
618 815 742 868 mentiar,
777 815 818 867 At
835 811 915 868 simul
932 815 1006 868 atras

160 890 283 944 Ventum
300 892 343 944 est
360 890 495 958 Esquilias
512 889 600 943 aliena
617 889 726 957 negotia
742 892 851 943 centum
894 887 905 894 ”

161 965 216 1018 Per
232 969 314 1034 caput
331 968 361 1019 et
377 965 448 1018 circa
465 965 566 1018 saliunt
582 965 663 1018 latus.
698 965 797 1018 “Ante
815 963 961 1018 secundam

160 1040 275 1093 Roscius
293 1040 388 1094 orabat
406 1040 457 1093 sibi
475 1039 585 1094 adesses
602 1040 640 1092 ad
657 1039 754 1092 Puteal
772 1040 853 1093 cras.''
983 1053 1007 1100 st,

161 1114 227 1168 “De
244 1131 275 1168 re
292 1115 425 1168 communi
443 1114 547 1168 scribae
564 1130 662 1180 magna
678 1117 761 1180 atque
777 1131 847 1169 nora
862 1118 892 1168 te

160 1188 285 1243 Orabant
301 1189 384 1241 hodie
401 1189 577 1257 meminisses,
597 1188 706 1253 Quinte,
723 1188 847 1241 reverti.''

161 1263 330 1332 “Imprimat
346 1264 388 1316 his
405 1279 471 1316 cura
488 1263 632 1316 Maecenas
650 1263 726 1330 signa
742 1262 872 1316 tabellis.'’

160 1338 279 1406 Dixeris,
292 1338 306 1365 “
314 1339 446 1407 Experiar
454 1338 475 1392 :²²
493 1338 545 1391 “Si
562 1338 612 1406 vis,
623 1339 724 1407 potes‚''
737 1338 815 1393 addit
832 1341 862 1393 et
878 1339 972 1394 instat.

161 1414 300 1482 Septimus
317 1417 410 1467 octavo
427 1413 537 1482 propior
549 1412 609 1480 jam
626 1413 729 1480 fugerit
745 1430 832 1467 annus
982 1431 1007 1470 ss

160 1489 208 1547 nx
221 1505 275 1557 quo
293 1490 436 1542 Maecenas
453 1504 497 1541 me
515 1488 607 1556 eoepit
622 1488 723 1542 babere
740 1505 849 1543 suorum

161 1562 196 1617 In
212 1581 338 1629 numer03
356 1562 501 1617 dumtaxat
517 1564 554 1616 ad
571 1564 628 1632 hoc,
646 1580 727 1632 quem
745 1565 842 1618 tollere
858 1564 945 1619 rheda

160 1637 253 1692 Vellet
271 1638 442 1692 iterfaciens
459 1641 489 1691 et
506 1638 550 1691 cui
567 1638 731 1693 concredere
747 1656 834 1707 nugas

160 1713 222 1766 Hoc
232 1730 326 1782 genus:
335 1713 433 1766 “Hora
441 1716 587 1781 quotaest‘l
606 1714 696 1767 Thrax
706 1718 748 1768 est
755 1715 861 1768 Gallina
869 1715 936 1784 Syro
943 1717 1006 1785 pari

160 1789 297 1842 Matutina
313 1806 409 1856 parum
427 1792 520 1841 cautos
533 1788 593 1855 jam
610 1789 713 1857 frigora
728 1790 857 1843 mordent
864 1791 885 1855 ξ’
982 1807 1006 1846 rs

160 1864 198 1917 Et
215 1880 285 1932 quae
303 1864 402 1916 rimosa
419 1862 490 1916 bene
508 1862 682 1931 deponuntur
698 1863 728 1916 in
745 1880 818 1917 aure.
1032 1921 1035 1927 ,

160 1937 215 1990 Per
231 1940 321 1991 toturn
338 1937 390 1989 hoe
406 1939 514 2003 tompus
533 1936 681 2004 subjectior
697 1938 726 1989 in
743 1937 818 1991 diem
835 1937 977 1992 ethoram

161 2012 285 2066 Invidiae
301 2014 403 2064 noster.
438 2011 531 2064 Ludos
549 2014 719 2078 spectaverat
735 2028 796 2079 nna,

159 2086 277 2141 Luserat
293 2087 322 2141 in
341 2086 455 2153 Campo:
474 2085 613 2139 Fortunae
631 2086 720 2140 filius!
739 2103 838 2141 omnes.

159 2162 289 2230 Frigidus
305 2179 323 2216 a
340 2161 447 2215 Rostris
465 2164 558 2215 manat
575 2178 625 2229 per
642 2162 760 2230 compita
776 2179 882 2218 rumor:
983 2178 1007 2218 so

160 2236 320 2305 Quicunque
337 2236 432 2290 obrius
450 2239 495 2289 est
510 2253 555 2290 me
572 2237 702 2290 consulit:
720 2236 766 2291 “O
784 2237 862 2305 bone,
881 2254 943 2291 nam
960 2241 990 2292 te

159 2313 234 2366 Scire
251 2313 317 2366 deos
335 2311 461 2380 quoniam
478 2313 589 2380 propius
606 2312 739 2379 contingis
756 2316 881 2380 oportet:

159 2388 300 2456 Numquid
317 2386 353 2440 de
369 2386 452 2440 Dacis
470 2386 571 2440 audisti
581 2386 606 2440 2⁹²
631 2387 702 2439 “Nil
719 2388 868 2455 equidem.”
895 2388 958 2443 “Ut
975 2392 1008 2443 tu

159 2462 274 2531 Semper
291 2463 345 2516 eris
362 2462 468 2515 derisor
478 2462 501 2515 ξ’)
531 2462 597 2514 “At
613 2478 707 2515 omnes
725 2463 754 2515 di
772 2465 912 2530 exagitent
928 2480 973 2516 me

159 2538 189 2591 Si
204 2538 375 2606 quidquam.''
405 2536 505 2604 “Quid,
517 2536 650 2590 militibus
667 2538 801 2605 promissa
819 2539 964 2607 Triquetra
982 2554 1007 2593 55

159 2612 276 2667 Praedia
294 2613 395 2666 Caesar
411 2614 446 2665 an
464 2615 508 2665 est
526 2612 600 2665 Itala
616 2612 715 2666 tellure
732 2613 847 2666 daturus
856 2615 881 2668 'l''

159 2687 303 2764 Jurantem
317 2704 364 2767 [ne
383 2687 452 2741 scire
470 2686 536 2739 nihil
554 2687 690 2740 mirantur
706 2691 739 2741 ut
755 2704 840 2742 unum

160 2761 268 2816 Scilicet
284 2762 387 2830 egregii
402 2762 546 2815 mortalem
563 2762 667 2829 altique
684 2762 782 2816 silenti.

159 2836 288 2891 Perditur
304 2838 371 2891 haec
388 2837 460 2891 inter
477 2837 577 2890 misero
594 2837 642 2890 lux
659 2854 715 2891 non
733 2838 893 2894 sineretis:

160 2911 183 2966 Ο
200 2928 254 2979 rus,
267 2912 375 2981 quando
393 2929 445 2980 ego
463 2915 492 2965 te
508 2911 677 2980 adspiciam?
696 2913 860 2981 quandoque
873 2912 967 2967 licebit
984 2929 1007 2969 so

159 2984 185 3043 N
186 3002 239 3041 uno
254 2991 378 3041 veterum
396 2987 480 3055 libris,
498 3003 569 3040 nunc
588 3003 681 3040 somno
699 2992 730 3042 et
745 2988 882 3042 inertibus
899 2988 973 3042 horis

159 3060 266 3115 Ducere
284 3062 417 3116 sollicitae,
427 3062 551 3129 jucunda
568 3061 668 3114 oblivia
685 3063 779 3116 vitae?

160 3136 183 3187 Ο
200 3137 309 3206 quando
326 3136 390 3190 faba
408 3137 579 3205 Pythagorae
596 3141 712 3204 cognata
729 3137 864 3204 simulque

159 3210 249 3266 Unaa
264 3211 333 3266 satis
348 3212 444 3280 pingui
460 3215 598 3288 ponentur
614 3212 735 3266 oluscula
751 3212 848 3267 lardol
