2275 3550
410 189 617 251 onnumuni
634 203 672 253 11.
694 205 731 253 16.
963 212 992 260 37

246 282 306 340 Nec
322 283 466 337 fortuitum
482 295 615 352 spernere
632 283 781 351 caespitem

247 357 337 426 Leges
355 357 488 425 sinebant,
507 358 609 428 oppido
625 358 735 427 publico

281 433 399 502 Sumptu
411 432 545 501 jubentes
562 437 593 487 et
610 434 724 487 deorum

270 562 275 572 ,
314 508 428 577 Temple
443 525 514 563 novo
532 508 662 563 decorare
679 523 754 566 sexo,

247 733 344 789 Orion
362 733 439 788 diros
456 736 535 802 roget
552 733 582 786 in
599 735 714 801 petente

249 809 370 864 Preneus
388 810 508 877 Aegaeo,
527 808 608 862 simul
625 811 686 862 atre
703 807 791 863 nubes

248 884 380 940 Condidit
396 884 489 938 lunam
505 900 598 954 neque
615 886 693 939 certe
708 883 816 952 fulgent

283 959 382 1014 Sidere
398 959 508 1025 nautis3

247 1033 343 1088 Otium
359 1034 432 1089 bello
448 1034 551 1089 furiose
568 1034 681 1101 Thrace,

248 1109 344 1164 Otium
360 1109 439 1164 Medi
455 1110 588 1197 pheretro
605 1107 705 1175 decori,

248 1184 380 1253 Grosphe
397 1201 452 1239 non
469 1185 585 1253 gemmis
601 1200 694 1253 neque
710 1199 832 1253 purpura
848 1200 894 1240 ve·

282 1261 345 1314 nale
362 1276 452 1347 neque
469 1276 544 1314 euro.

247 1334 312 1390 Non
330 1335 402 1389 enim
418 1351 501 1403 genoe
518 1351 610 1403 neque
627 1333 775 1389 consuleris
875 1372 880 1380 -

249 1410 407 1466 Summovet
424 1410 505 1465 lictor
521 1411 636 1463 miseros
653 1409 789 1479 tumultus

249 1485 353 1540 Mentis
370 1489 400 1540 et
417 1501 496 1540 cures
513 1486 643 1554 laqueata
659 1484 763 1540 circum

282 1561 368 1616 Tecta
383 1561 515 1616 volantes.

247 1635 359 1691 Vivitur
374 1653 459 1706 perro
475 1637 548 1691 bene
566 1636 611 1691 cui
628 1638 774 1706 paternum

249 1711 383 1781 Splendet
399 1712 428 1766 in
445 1728 540 1766 mensa
556 1713 635 1765 tenui
652 1712 775 1779 salinum,

248 1787 275 1843 N
277 1804 309 1842 ec
325 1788 401 1842 leves
418 1804 527 1842 somnos
543 1789 628 1843 timor
644 1792 694 1842 eut
710 1789 810 1857 cupido

182 1901 184 1905 -
284 1862 420 1917 Sordidus
436 1864 535 1918 aufert.

249 1936 324 2002 Quid
340 1937 419 1991 brevi
435 1937 522 1991 fortes
534 1936 693 2005 jaculemur
708 1952 776 1992 nevo

248 2011 357 2066 Multel
392 2011 467 2076 Quid
483 2015 573 2066 terras
590 2011 644 2066 elio
661 2013 790 2070 colentes.

249 2087 313 2143 Sole
329 2088 487 2141 mutemus?
523 2086 635 2142 Patriae
653 2087 716 2157 quie
732 2088 811 2143 exsul

283 2164 320 2217 ile
338 2178 448 2231 quoque
465 2161 557 2230 lingit?

249 2237 365 2293 Scoudit
383 2239 491 2294 aeratas
508 2237 606 2292 vitiose
622 2253 707 2293 neves

249 2312 322 2368 Oura
337 2329 390 2367 nec
407 2316 512 2367 turmae
529 2313 654 2382 equitum
672 2313 811 2383 relinquit,

249 2387 331 2442 Ocior
347 2389 435 2443 cervis
453 2391 483 2443 et
500 2392 600 2456 egente
617 2387 725 2443 nimbos

283 2463 366 2517 Ocior
382 2464 464 2518 noro.

248 2536 352 2593 Laetus
368 2538 398 2592 in
414 2545 546 2607 praesens
566 2538 673 2592 enimus
690 2539 766 2608 quod
781 2539 856 2594 ultre
872 2543 917 2596 est

249 2613 349 2668 Oderit
365 2630 463 2668 curare
479 2617 510 2668 et
527 2629 621 2666 amere
637 2613 714 2667 lento
766 2636 769 2642 ·

249 2689 397 2758 Temperet
413 2689 488 2754 rieu3
505 2688 573 2742 nihil
590 2692 635 2743 est
651 2689 687 2743 eh
704 2689 778 2745 omui

283 2765 367 2819 Parte
383 2762 504 2819 beatum.

250 2839 377 2894 Abstulit
393 2839 498 2894 clerum
514 2838 571 2893 cite
587 2854 662 2892 mors
680 2839 824 2909 Achillem,

248 2913 343 2983 Longe
360 2914 506 2969 Tithonum
523 2914 623 2967 minuit
640 2919 774 2982 senectus,

248 2988 287 3043 Et
304 2990 371 3043 mihi
388 2990 480 3044 foreen
497 2989 551 3043 tibi
568 2988 644 3059 quod
660 2990 768 3057 negarit

283 3064 409 3133 Porriget
426 3065 501 3119 hore

247 3138 287 3194 'le
302 3156 401 3208 greges
418 3144 529 3194 centum
547 3139 710 3208 Siculaeque
726 3139 829 3196 circum

246 3213 376 3285 Mugiunt
392 3230 498 3283 vaccae,
516 3214 568 3269 tibi
585 3214 657 3269 tellit
675 3214 812 3269 hinnitum
