2275 3550
130 202 177 252 144
403 201 558 251 HORATII
575 201 705 250 FLAOOI

129 283 225 337 Lentis
242 298 322 337 mane
340 298 424 338 senex
441 282 566 335 manibus
584 281 713 336 currebat
729 286 767 351 et,
782 283 929 338 .‘Unnm-

130 358 203 422 Quid
214 361 272 412 tam
284 375 412 426 magnum
420 359 436 412 i’
449 358 695 425 addens—‘unum
707 374 752 411 me
768 359 874 428 surpite
888 361 983 432 morti,

129 433 181 487 Dis
198 434 300 488 etenim
317 434 396 487 facile
413 437 456 488 est
463 435 478 487 !'
497 433 607 499 orabet3
626 450 708 486 sanus
725 434 852 504 utrisque

131 510 253 563 Auribus
271 515 354 579 atque
372 509 470 575 oculis;
487 512 616 577 mentem,
633 509 685 562 nisi
702 509 845 577 litigiosus,
943 527 984 567 ass

130 585 277 654 Exciperet
290 586 416 639 dominus
429 602 490 639 cum
504 584 645 639 venderet
681 584 742 638 Hoc
760 602 869 654 quoque
882 587 984 656 vulgus

131 660 296 730 Chrysippus
313 662 391 731 ponit
407 661 524 716 fecunda
540 661 570 714 in
586 664 671 728 gente
689 661 807 715 Meneni.

131 737 280 805 ‘duppiten
298 738 424 807 ingentes
442 738 490 806 qui
507 737 557 790 das
575 736 728 803 adimisque
746 736 867 805 dolores,'

131 811 223 866 Mater
239 814 280 867 ait
293 814 373 881 pueri
389 828 497 866 menses
510 812 570 880 jam
588 812 709 881 quinque
727 811 860 881 cubantis,

132 888 257 955 ‘Frigida
273 889 297 942 si
313 905 429 959 puerum
447 891 581 957 quartana
597 886 747 955 reliquerit,
765 886 813 945 illo
942 904 982 943 aso

131 962 214 1017 Mane
231 964 277 1018 die
295 981 349 1033 quo
365 966 398 1017 tu
414 963 512 1016 indicis
526 962 634 1030 jejunia
650 962 741 1015 nudus

132 1038 167 1092 In
184 1039 275 1094 Tiberi
293 1039 391 1094 stabit!
428 1039 513 1093 Casus
531 1038 688 1091 medicusve
705 1038 803 1093 levarit

132 1116 254 1183 Aegrum
273 1133 308 1170 ex
324 1115 474 1184 praecipiti,
492 1118 581 1168 mater
599 1113 686 1167 delira
702 1113 813 1168 necabit

132 1191 167 1244 In
183 1191 275 1259 gelida
292 1194 377 1245 fixum
393 1191 454 1258 ripa
469 1189 622 1257 febrimque
639 1188 769 1254 reducet;

132 1268 227 1331 Quone
244 1267 314 1321 malo
331 1270 450 1321 mentem
468 1266 613 1318 concussai
650 1264 758 1317 Timore
775 1264 932 1320 deornm—
943 1279 980 1321 29⁵

133 1342 210 1396 Haec
226 1343 293 1396 mihi
311 1342 465 1409 Stertinius,
483 1341 638 1409 sapientum
654 1343 774 1403 octavus,
792 1341 876 1394 amieo

133 1418 220 1470 Arma
237 1417 323 1483 dedit,
340 1417 453 1486 posthae
469 1432 505 1468 ne
522 1416 702 1485 compellerer
718 1415 790 1469 inuit
823 1457 829 1469 .

132 1492 241 1546 Dixerit
258 1493 383 1545 insanum
400 1492 447 1560 qni
464 1507 509 1544 me
526 1490 644 1544 totidem
661 1489 756 1545 audiet
774 1495 858 1560 atque

133 1566 279 1635 Respicere
295 1568 388 1634 ignoto
406 1566 494 1619 discet
510 1566 660 1633 pendentia
676 1566 779 1633 tergo.‘'

132 1641 249 1711 “Stoice,
265 1647 328 1710 post
346 1641 475 1694 damnum
493 1642 532 1695 sic
548 1640 653 1695 vendas
670 1643 761 1694 onmia
780 1641 875 1710 pluris,
944 1659 980 1699 eoo

133 1716 193 1783 Qua
208 1733 253 1771 me
270 1717 394 1786 stultitia,
412 1717 539 1786 quoniam
556 1733 611 1769 non
628 1720 672 1771 est
688 1733 774 1786 genus
791 1734 881 1784 unum,

107 1804 109 1808 ’
133 1793 258 1849 Insanire
274 1795 371 1864 putas?
407 1793 466 1862 Ego
483 1810 545 1847 narn
563 1793 659 1847 videor
675 1793 743 1846 mihi
759 1794 862 1847 sanus.’'

133 1871 149 1897 “
154 1871 233 1939 Quid,
251 1874 333 1940 caput
351 1870 499 1924 abscissum
516 1870 629 1923 demens
646 1885 709 1922 cum
725 1872 819 1937 portat
837 1870 933 1937 Agave

135 1946 201 2002 Nati
217 1945 339 2014 infelicis,
358 1946 410 1999 sibi
426 1949 487 1999 tum
503 1945 608 1998 furiosa
624 1944 765 1998 videturi''

134 2023 274 2079 “Stultum
291 2022 448 2089 metamor,
465 2021 547 2074 liceat
564 2020 714 2075 concedere
731 2019 810 2085 ieris,
943 2035 980 2075 sos

133 2101 228 2167 Atque
246 2097 328 2152 etiam
346 2096 484 2161 insanum3
501 2098 611 2149 tantum
629 2093 680 2147 hoe
698 2094 826 2161 edissere,
844 2110 898 2163 quo
915 2110 960 2147 me

133 2176 287 2241 Aegrotare
303 2174 384 2239 putes
401 2170 484 2222 animi
501 2170 599 2223 ν’ἰῢίοὲυ
636 2169 766 2236 “Accipe:
784 2169 902 2236 primum

133 2248 280 2313 Aedificas,
296 2245 347 2298 hoc
365 2248 415 2310 est,
433 2244 527 2310 longos
544 2243 661 2296 imitaris
679 2242 714 2294 ab
732 2243 787 2296 imo

133 2323 181 2376 Ad
198 2336 332 2375 summum
348 2321 424 2371 totns
441 2317 544 2370 moduli
560 2316 703 2384 bipedalis,
721 2319 751 2368 ct
766 2316 840 2368 idem

133 2399 252 2465 Corpore
269 2394 399 2462 majorem
416 2392 492 2445 rides
509 2390 644 2444 Turbonis
661 2391 690 2443 iu
708 2391 791 2443 armis
946 2410 981 2449 310

133 2473 264 2541 Spiritum
282 2473 312 2523 et
328 2469 474 2521 incessum:
492 2467 539 2536 qui
557 2465 688 2519 ridiculus
705 2465 795 2519 minus
811 2465 875 2520 illot

133 2549 180 2602 An
198 2545 377 2615 quodeunque
393 2542 459 2597 facit
477 2543 622 2596 Maecenas
639 2544 668 2595 te
687 2557 795 2610 quoque
811 2557 907 2595 verum
925 2545 969 2597 cst

133 2623 250 2676 'fantum
268 2619 428 2673 dissimilem
446 2622 475 2673 et
492 2621 570 2672 tento
588 2620 695 2670 certare
712 2617 874 2671 minorent·
968 2643 971 2649 ·

133 2697 268 2753 Absentis
284 2711 367 2749 ranae
384 2694 465 2762 pullis
482 2693 561 2747 vituli
578 2692 650 2760 pede
667 2691 777 2761 pressis,

133 2773 213 2827 Unus
230 2770 278 2825 ubi
295 2769 397 2838 effugit,
414 2769 496 2822 matri
514 2768 650 2834 denarrat
667 2772 699 2821 ut
716 2767 813 2835 ingens
944 2781 979 2822 315

134 2849 231 2904 Bellua
247 2848 376 2915 cognatos
393 2845 504 2899 eliserit.
539 2844 593 2897 Illa
609 2860 719 2911 rogare:

136 2925 307 2990 ‘Quantanei
324 2938 389 2976 num
406 2920 529 2987 tantum,'
550 2920 659 2974 sufflans
677 2936 714 2987 se,
733 2919 843 2986 ‘magna
859 2916 977 2971 fuissett'
1012 2931 1016 2938 ·

134 3002 236 3068 ‘Major
254 2997 379 3052 dimidio?
417 2997 503 3048 ‘Num
520 2996 623 3049 tantot’
659 2996 729 3048 Cum
746 2994 833 3061 magis
850 2996 934 3061 atque

133 3076 169 3127 Se
187 3074 273 3141 magis
289 3073 405 3137 inflaret,
424 3072 497 3123 ‘Non
516 3070 539 3122 si
557 3073 587 3122 te
604 3070 726 3137 ruperis,’
745 3069 842 3136 inquit

133 3149 201 3201 ‘Par
218 3147 286 3201 eris!
323 3147 401 3200 Haec
417 3162 435 3199 a
451 3150 481 3199 te
498 3161 551 3198 non
569 3145 687 3197 multum
704 3143 810 3197 abludit
827 3143 925 3207 image.
943 3154 977 3194 aas
1087 3187 1089 3190 ,

131 3222 217 3276 Adde
233 3225 361 3291 poemata
377 3237 457 3287 nunc,
475 3220 526 3274 hoc
543 3222 594 3287 est,
611 3219 701 3273 oleum
718 3217 792 3271 adde
808 3215 928 3280 camino;
1032 3267 1034 3274 Α
