2275 3550
402 206 663 264 nrrsncnnnuu
674 207 712 257 11.
733 165 755 258 1⁴.
964 204 1009 260 rar

106 311 109 315 ·
160 290 208 345 Nil
224 290 299 344 intra
316 290 361 343 est
378 288 473 355 oleam,
491 288 529 340 nil
547 291 628 341 extra
645 291 689 341 est
706 287 735 339 in
752 303 822 341 nuce
838 287 917 352 dur13

160 365 294 419 Venimus
310 364 347 418 ad
364 377 501 417 summum
517 365 662 429 furtunae3
681 364 818 431 pingimus
836 368 919 432 atque

161 441 307 495 Psallimus
323 443 353 494 et
370 441 506 494 luctamur
525 440 637 494 Achivis
655 439 762 493 doctius
779 440 875 492 unctis.

161 516 191 571 Si
208 515 322 569 meliora
339 516 399 571 dies
416 519 449 569 ut
465 516 529 569 vina
545 518 673 583 poemata
689 514 791 582 reddit,

79 632 93 648 ..
160 591 237 646 Scire
254 591 336 654 velim
354 591 457 644 chartis
474 591 594 659 pretium
612 594 712 659 quotus
729 594 839 658 arroget
855 607 948 644 annua.
989 609 1012 648 aa

161 666 285 735 Seripter
301 666 401 720 abhinc
418 683 502 719 annes
520 669 630 720 centum
648 667 695 734 qni
714 665 817 718 decidit
834 666 906 719 inter

162 742 303 796 Perfectus
321 746 483 810 veteresque
501 742 599 795 referri
617 742 710 809 debet,
727 758 762 794 an
779 742 852 794 iuter
954 738 961 746 '

161 818 239 872 Viles
257 822 341 887 atque
359 820 460 872 nonest
496 817 633 871 Excludat
647 817 741 885 jurgia
758 817 827 870 finis.

162 894 214 947 Est
230 898 311 948 vetus
329 897 413 962 atque
430 892 532 962 prehus
550 898 659 947 eentum
677 893 724 961 qui
742 892 851 960 perficit
868 910 959 947 annes,

162 969 243 1037 Quid,
262 970 309 1038 qui
328 969 446 1037 deperiit
463 970 550 1023 minor
567 986 622 1022 une
638 985 733 1022 meuse
751 968 794 1021 vel
812 985 889 1036 anne,
989 984 1012 1021 re

162 1045 240 1099 Inter
258 1062 328 1114 quos
346 1044 507 1099 referendus
525 1046 600 1099 erit?
622 1048 765 1098 veteresne
782 1049 884 1112 petitas,

164 1123 210 1174 An
228 1138 297 1189 quos
314 1124 343 1175 et
360 1137 490 1191 praesens
508 1125 537 1174 et
553 1123 665 1189 postera
682 1123 795 1187 respuat
812 1121 908 1173 actast

163 1196 224 1249 Iste
243 1195 356 1264 quidem
374 1200 482 1249 veteres
499 1196 573 1249 iuter
590 1198 708 1264 ponetur
725 1195 840 1248 honeste

89 1277 106 1324 '.
125 1314 128 1320 .
163 1271 217 1337 Qui
234 1271 278 1325 vel
295 1287 389 1325 mense
407 1271 485 1324 brevi
502 1272 546 1324 vel
563 1275 624 1325 tote
641 1275 685 1324 est
697 1270 793 1338 junior
810 1286 885 1325 anne.

162 1348 236 1401 Uter
252 1347 384 1417 permisso
403 1347 561 1416 caudaeque
579 1347 649 1415 pilos
666 1349 699 1399 ut
716 1346 831 1414 equinae
876 1346 878 1351 '
989 1361 1013 1401 4⁵

163 1423 300 1477 Paulatim
318 1422 388 1477 velle
403 1427 432 1477 et
446 1423 526 1476 deme
543 1440 636 1490 unum,
648 1421 728 1475 deme
746 1422 859 1475 etitem
876 1438 969 1488 unum,

162 1498 236 1553 Dum
255 1498 336 1553 eadat
354 1499 444 1552 elusus
462 1500 568 1552 ratione
587 1498 691 1552 ruentis
708 1497 798 1551 acervi

163 1575 216 1639 Qui
234 1576 309 1628 redit
325 1575 355 1627 in
372 1575 458 1627 fastus
476 1579 504 1628 et
521 1575 655 1628 virtutem
673 1573 801 1627 aestimat
818 1574 903 1641 annis,

163 1650 339 1719 Miraturque
356 1650 423 1703 nihil
440 1650 492 1703 uisi
511 1650 587 1719 qued
604 1650 726 1703 Libitina
743 1650 866 1714 sacrarit.

163 1726 266 1780 Ennius
285 1731 313 1780 et
331 1726 439 1796 sapiens
456 1730 485 1780 et
502 1725 581 1779 fertis
599 1729 629 1780 et
646 1726 717 1780 alter
736 1724 883 1793 Homerus,
987 1738 1011 1780 se

163 1803 204 1856 Ut
221 1802 309 1856 critici
327 1803 429 1869 dieunt,
447 1801 546 1855 leviter
563 1818 659 1855 curare
677 1800 788 1854 videtur

164 1877 225 1941 Quo
242 1877 376 1946 premissa
394 1877 493 1930 cadant
511 1880 540 1930 et
557 1876 662 1930 aemuia
680 1875 858 1943 Pythagorea.

164 1954 285 2007 Naevius
303 1954 332 2006 in
349 1952 475 2006 manibus
491 1969 547 2025 nen
565 1955 609 2028 est
626 1955 655 2005 et
672 1951 811 2004 mentibus
827 1951 926 2004 haeret

164 2029 256 2084 Paene
273 2030 387 2082 recensi
425 2028 504 2080 Adeo
523 2031 647 2080 sanctum
661 2030 705 2081 est
722 2029 801 2080 vetus
816 2042 895 2079 omne
908 2030 1014 2095 poema.

164 2104 325 2172 Ambigitur
342 2103 469 2171 quotiens
485 2106 549 2157 uter
565 2107 629 2157 utre
647 2103 684 2156 sit
700 2102 783 2170 prior,
802 2102 892 2156 aufert
990 2117 1014 2156 aa

169 2181 304 2235 Pacuvius
323 2180 398 2233 dceti
415 2180 515 2232 faniam
533 2179 614 2245 senis,
632 2178 733 2231 Accius
750 2178 807 2246 alti,

164 2256 274 2311 Dicitur
294 2256 392 2311 Afrani
411 2259 477 2324 toga
494 2255 651 2308 convenisse
670 2254 830 2321 Menandre,

165 2333 278 2386 Plautus
297 2331 333 2386 ad
351 2332 490 2401 exemplar
508 2329 592 2384 Siculi
609 2347 757 2398 properare
775 2329 938 2398 Epicharmi,

164 2408 284 2463 Vincere
303 2408 436 2464 Caecilius
454 2406 596 2475 grauitate,
615 2404 760 2458 Terentius
778 2409 846 2461 arte.

165 2483 225 2537 Hes
242 2484 341 2538 ediscit
358 2487 388 2537 et
405 2484 455 2545 hos
473 2485 549 2536 arete
568 2482 671 2551 stipata
688 2480 799 2534 theatro
988 2498 1012 2538 m

165 2559 279 2628 Spectat
297 2560 384 2613 Roma
401 2562 517 2628 petens3
542 2557 628 2611 habet
645 2556 695 2609 hes
714 2560 894 2625 numeratque
912 2560 1008 2626 poetas

166 2635 213 2689 Ad
230 2636 353 2689 nestrum
371 2637 480 2704 tempus
500 2633 560 2687 Livi
579 2632 721 2702 scriptoris
737 2631 773 2685 ab
791 2649 865 2686 aevo.

165 2710 311 2764 Interdum
328 2711 425 2778 vulgus
442 2713 548 2764 rectum
565 2709 649 2776 videt,
668 2711 710 2761 est
727 2707 776 2760 ubi
792 2711 895 2776 peccat.

166 2786 195 2839 Si
213 2791 319 2840 veteres
336 2786 376 2839 ita
393 2785 509 2839 miratur
526 2784 676 2852 laudatque
693 2787 789 2851 petitas

165 2862 206 2916 Ut
223 2862 291 2915 nihil
308 2862 445 2915 anteferat
462 2860 530 2914 nihil
547 2860 602 2912 illis
619 2862 767 2927 comparet,
785 2861 878 2912 errat:
992 2872 1015 2912 tt

166 2937 195 2992 ai
214 2937 348 3007 quaedam
366 2936 447 2990 nimis
465 2936 586 3004 antique,
605 2936 629 2989 si
646 2935 777 3004 pleraque
795 2934 864 2986 dure

165 3013 265 3067 Dicere
283 3012 373 3067 eredit
390 3029 445 3081 ees,
462 3013 559 3080 ignave
578 3011 665 3064 multa
681 3010 792 3074 fatetur,
856 3023 858 3028 ’

164 3089 202 3144 Et
220 3090 292 3159 sapit
310 3093 338 3143 et
356 3106 462 3142 meeum
480 3088 545 3140 facit
563 3092 592 3140 et
610 3087 627 3139 J
631 3103 680 3139 ove
694 3085 803 3153 judicat
820 3099 915 3152 aequo.

164 3165 191 3217 N
193 3182 228 3218 en
246 3166 374 3235 equidem
392 3165 511 3217 insector
529 3162 703 3229 delendaque
720 3159 841 3213 eamnina
858 3158 919 3211 Livi

165 3241 233 3295 Esse
250 3258 320 3309 reor,
338 3239 449 3294 memini
467 3254 538 3307 quae
556 3237 698 3306 plagosum
715 3234 784 3287 mihi
801 3249 885 3301 parve
991 3249 1015 3288 u
