2275 3550
389 196 596 248 cammunti
612 196 665 245 111.
686 196 724 255 ιο,
745 196 782 246 11.
983 154 1015 243 aa

302 280 332 337 si
348 279 418 332 flava
435 275 574 330 excutitur
591 274 676 329 Chloe

337 352 522 421 Rejectaeque
539 354 619 419 patet
630 348 718 418 janua
735 346 839 417 Lydiae
847 361 858 402 'l
992 362 1016 403 sc

303 429 473 497 Quamquam
491 425 583 479 sidero
599 425 737 495 pulchrior

337 504 389 558 Ille
407 505 457 567 cst,
474 504 507 556 tu
523 500 609 554 levior
625 500 726 554 cortice
743 502 773 553 et
789 496 915 568 improbo

303 577 465 633 Iracundior
483 575 600 642 Hadria,
1000 616 1014 643 Ι,

337 654 438 708 Tecum
452 651 546 706 vivere
563 665 660 717 amem,
678 652 770 703 tecum
787 646 885 703 obeam
902 644 999 702 libens.

304 868 468 923 fflrnnunu
486 865 589 920 Tanain
606 864 630 918 si
646 863 765 933 biberes,
784 863 862 933 Lyce,

304 945 389 997 Saevo
407 944 495 1011 nupta
510 941 577 1007 viro,
594 955 639 992 me
656 943 750 992 tamen
766 954 879 1007 asperas

304 1016 465 1071 Porrectum
482 1014 636 1069 anteferes
653 1012 773 1082 objicere
790 1013 884 1068 incolis

338 1090 464 1145 Plorares
482 1088 673 1159 Aquilonibus.

306 1166 396 1223 Audis
413 1181 467 1234 quo
484 1164 605 1233 strepitu
618 1163 711 1231 janua,
729 1180 784 1231 qno
800 1180 898 1217 nemus
1005 1178 1018 1218 o

305 1241 386 1295 Inter
401 1239 515 1308 pulchra
532 1242 623 1292 satum
639 1242 713 1292 tecta
730 1239 867 1305 remugiat

305 1315 412 1383 Ventis,
431 1318 460 1369 et
476 1313 580 1382 positas
596 1317 629 1366 ut
645 1313 745 1380 glaciet
761 1314 838 1367 nives

339 1390 413 1444 Puro
430 1390 541 1444 numine
558 1388 710 1458 Juppitcrl

305 1466 448 1536 Ingratum
466 1464 568 1520 Veneri
585 1481 657 1534 pone
674 1464 840 1535 superbiam,

304 1542 332 1596 N
334 1559 350 1596 e
367 1545 493 1596 currente
511 1544 587 1595 retro
603 1540 675 1594 funis
693 1544 739 1594 eat
756 1544 826 1595 rota

304 1618 331 1672 N
333 1635 368 1671 on
384 1621 415 1673 te
433 1617 589 1687 Penelopen
607 1615 745 1669 difficilem
761 1616 851 1685 procis

340 1692 494 1761 Tyrrhenus
510 1692 607 1760 genuit
623 1709 730 1760 parens.

306 1767 330 1822 0
349 1769 471 1838 quamvis
488 1785 578 1836 neque
594 1769 624 1820 te
640 1784 755 1822 munera
771 1784 822 1821 nec
838 1783 935 1835 preces

305 1844 332 1898 N
334 1861 366 1897 ec
383 1843 485 1897 tinctus
502 1843 574 1895 viola
589 1842 676 1910 pallor
694 1844 845 1896 amantium

305 1918 332 1972 N
335 1935 366 1972 eo
383 1918 426 1970 vir
443 1916 535 1971 Pieria
551 1916 649 1985 pellice
667 1916 773 1970 saucius

341 1992 451 2059 Currat,
470 1989 637 2059 supplicibus
653 1990 711 2045 tuis

306 2066 414 2134 Parcas,
431 2082 483 2120 nec
499 2065 589 2134 rigida
606 2065 712 2119 mollior
729 2065 837 2120 aesculo

306 2143 333 2197 N
335 2159 366 2196 ec
385 2142 489 2196 Mauris
506 2142 627 2195 animum
644 2140 737 2195 mitior
753 2141 894 2209 anguibus.

306 2219 369 2273 Non
386 2217 437 2272 hoc
455 2232 563 2284 semper
580 2217 635 2270 erit
645 2216 752 2271 liminis
768 2220 817 2271 aut
833 2232 921 2285 aquae

341 2292 475 2349 Caelestis
491 2292 601 2362 patiens
617 2291 697 2347 latus

306 2521 545 2587 Mundum-nam
563 2522 594 2572 tc
612 2517 707 2572 docilis
725 2518 856 2587 magistro

306 2597 395 2652 Movit
413 2595 552 2665 Amphion
570 2595 677 2664 lapides
693 2595 859 2663 canendo,-

307 2672 403 2741 Tuque
420 2670 532 2725 testudo
549 2685 676 2723 resonare
694 2672 801 2738 septem

342 2745 449 2802 Callida
465 2745 563 2813 nervis,

307 2822 334 2875 N
335 2838 367 2875 ec
383 2822 485 2891 loquax
502 2820 567 2873 olim
583 2835 673 2888 neque
689 2822 775 2887 ginta,
793 2835 865 2873 nunc
882 2823 912 2875 ct

307 2895 432 2950 Divitum
448 2895 551 2950 mensis
568 2898 598 2949 et
614 2895 702 2948 annica
717 2895 835 2962 templis,

307 2969 360 3024 Dic
376 2970 472 3024 modos
489 2969 566 3038 Lyde
584 2969 683 3037 quibus
700 2968 850 3023 obstinatas

342 3046 474 3114 Applioet
490 3061 579 3111 euros,

308 3119 384 3184 Quae
401 3119 477 3172 velut
493 3119 556 3172 latis
575 3134 647 3186 equa
663 3117 745 3172 trima
762 3117 865 3186 campis

308 3192 394 3249 Ludit
411 3193 540 3248 exsultim
556 3193 711 3261 metuitque
728 3192 805 3260 tangi
