2275 3550
117 203 149 250 50

392 203 548 252 HORATII
564 201 698 252 FLAOOI

254 283 347 339 Paene
364 287 522 352 occupatam
541 282 723 337 seditionibus

255 357 366 414 Delevit
383 356 495 416 Urbem=
507 355 599 411 Dacus
617 363 647 412 et
666 358 809 426 Aethiops,

289 431 345 488 Hic
362 432 449 487 classe
465 433 637 501 formidatus,
654 435 702 488 ille
949 450 973 490 15

323 507 476 563 Missilibus
493 509 591 563 melior
608 510 724 578 sagittis.

254 584 384 640 Fecunda
400 584 497 655 eulpae
515 584 607 639 secula
623 586 735 654 nuptias

254 661 377 715 Primum
395 661 573 731 inquinavere
591 665 622 715 et
638 677 726 729 genus
743 664 773 716 et
789 661 884 715 domos
892 679 902 727 3

290 736 352 791 Hoo
368 736 446 790 fonte
464 736 589 790 derivata
605 736 698 790 clades

302 834 305 839 Δ
324 812 358 865 In
376 811 493 880 patriam
510 812 697 880 populumque
713 811 801 867 fluxit

245 885 348 963 ¹Motus
366 887 458 940 doceri
475 885 579 954 gaudet
598 886 706 939 Ionicos

254 962 368 1016 Matura
384 962 461 1029 virgo
479 965 509 1015 et
526 961 641 1029 fingitur
657 960 763 1015 artibus
771 981 781 1029 ;

287 1037 352 1091 Jam
369 1053 442 1091 nuno
459 1040 490 1090 et
505 1033 626 1090 ino'estos
643 1053 752 1099 amores

322 1112 367 1167 De
383 1116 480 1167 tenero
498 1111 651 1166 meditatur
667 1112 770 1180 ungui:

254 1187 321 1242 Mox
333 1187 459 1256 juniores
476 1187 587 1257 quaerit
604 1186 745 1240 adulteros

255 1263 335 1317 Inter
351 1263 444 1317 mariti
461 1263 533 1329 vina,
551 1279 643 1331 neque
661 1262 740 1330 eligit

289 1338 341 1393 Oui
359 1338 444 1392 donet
460 1338 634 1406 impermissa
650 1337 752 1405 raptim

323 1413 431 1467 Gaudia
447 1413 598 1465 luminibus
614 1412 746 1477 remotis3

255 1486 311 1541 Sed
323 1487 403 1555 jussa
419 1503 511 1540 eoram
527 1502 583 1539 non
601 1486 661 1540 sine
679 1485 789 1540 conscio

255 1562 350 1630 Surgit
366 1563 473 1628 marito,
492 1577 542 1614 seu
558 1565 638 1614 vocat
655 1560 766 1614 institor

289 1637 345 1691 Seu
361 1636 439 1689 navis
457 1635 599 1704 Hispanae
615 1636 755 1702 magister,

323 1711 497 1766 Dedeoorum
514 1710 653 1782 pretiosus
670 1714 787 1782 emptor.

255 1788 318 1843 Non
335 1788 380 1843 his
392 1787 526 1857 juventus
543 1791 605 1842 orta
622 1787 785 1857 parentibus
853 1811 856 1816 ·
966 1789 970 1796 ’

256 1864 357 1919 Infecit
373 1879 475 1933 aequor
492 1863 625 1931 sanguine
643 1862 754 1931 Punico,

290 1939 480 2009 Pyrrhumque
498 1942 527 1992 et
544 1939 686 2007 ingentem
703 1937 804 1992 cecidit

324 2015 493 2069 Antiochum
512 2014 753 2083 Hannibalemque
771 2013 879 2078 dirum3

256 2089 310 2144 Sed
328 2090 492 2143 rusticorum
509 2090 631 2143 mascula
648 2090 784 2143 militum·

256 2164 359 2231 Proles,
377 2164 494 2218 Sabellis
511 2163 594 2216 doota
610 2163 748 2231 ligonibus

290 2239 410 2292 Versare
426 2237 522 2305 glebas
540 2239 571 2290 et
588 2253 699 2290 severae

324 2312 425 2367 Matris
442 2312 479 2364 ad
496 2309 643 2363 arbitrium
660 2311 763 2364 recisos

257 2386 372 2442 Portare
389 2387 484 2453 fustes,
503 2385 543 2438 sol
561 2384 609 2438 ubi
629 2385 763 2439 montium

257 2463 381 2519 Mutaret
397 2460 509 2515 umbras
526 2463 555 2515 et
568 2459 638 2528 juga
656 2460 781 2516 demeret

290 2537 386 2593 Bubus
402 2536 533 2604 fatigatis,
551 2536 668 2588 amioum

325 2613 444 2681 Tempus
460 2627 544 2679 agens
560 2610 680 2664 abeunte
698 2626 787 2665 curru

256 2686 395 2742 Damnosa
412 2685 480 2755 quid
496 2702 552 2739 non
569 2686 709 2739 imminuit
726 2685 805 2742 diesi

257 2766 346 2819 Aetas
363 2765 508 2833 parentum
526 2760 606 2830 pejor
623 2760 681 2814 avis
698 2760 765 2815 tulit

290 2837 318 2893 N
320 2855 350 2891 os
367 2836 520 2906 nequiores,
537 2852 602 2889 mox
620 2835 734 2889 daturos

325 2910 488 2981 Progeniem
505 2909 682 2965 vitiosiorem

257 3134 332 3200 Qun>
348 3133 407 3201 iles,
426 3049 647 3201 Αεὺθηξῖἒιιθω
665 3132 717 3187 tibi
733 3130 846 3188 candidi

256 3209 350 3265 Primo
366 3207 516 3264 restituent
533 3223 600 3262 vere
617 3207 730 3261 Favonii
